@article{gim2d,
    title = {{ The DEEP Groth Strip Survey. II. Hubble Space Telescope Structural Parameters of Galaxies in the Groth Strip }},
    year = {2002},
    journal = {The Astrophysical Journal Supplement Series},
    author = {Simard, Luc and Willmer, Christopher N. A. and Vogt, Nicole P. and Sarajedini, Vicki L. and Phillips, Andrew C. and Weiner, Benjamin J. and Koo, David C. and Im, Myungshin and Illingworth, Garth D. and Faber, S. M.},
    number = {1},
    month = {9},
    pages = {1--33},
    volume = {142},
    publisher = {American Astronomical Society},
    url = {https://iopscience.iop.org/article/10.1086/341399 https://iopscience.iop.org/article/10.1086/341399/meta},
    doi = {10.1086/341399/FULLTEXT/},
    issn = {0067-0049},
    keywords = {Subject headings, evolution-galaxies, fundamental parameters-galaxies, galaxies, high-redshift On-line material, machine-readable tables}
}

@article{simard_11,
    title = {{A catalog of bulge+disk decompositions and updated photometry for 1.12 million galaxies in the Sloan digital sky survey}},
    year = {2011},
    journal = {Astrophysical Journal, Supplement Series},
    author = {Simard, Luc and Trevor Mendel, J. and Patton, David R. and Ellison, Sara L. and McConnachie, Alan W.},
    number = {1},
    month = {9},
    pages = {11},
    volume = {196},
    publisher = {IOP Publishing},
    url = {ttp://stacks.iop.org/0067-0049/196/i=1/a=11},
    doi = {10.1088/0067-0049/196/1/11},
    issn = {00670049},
    keywords = {galaxies: evolution, galaxies: fundamental parameters}
}

@article{zanisi_21,
    title = {{A deep learning approach to test the small-scale galaxy morphology and its relationship with star formation activity in hydrodynamical simulations}},
    year = {2021},
    journal = {Monthly Notices of the Royal Astronomical Society},
    author = {Zanisi, Lorenzo and Huertas-Company, Marc and Lanusse, François and Bottrell, Connor and Pillepich, Annalisa and Nelson, Dylan and Rodriguez-Gomez, Vicente and Shankar, Francesco and Hernquist, Lars and Dekel, Avishai and Margalef-Bentabol, Berta and Vogelsberger, Mark and Primack, Joel},
    number = {3},
    month = {1},
    pages = {4359--4382},
    volume = {501},
    doi = {10.1093/mnras/staa3864},
    issn = {0035-8711}
}

@article{numpy,
    title = {{Array programming with NumPy}},
    year = {2020},
    journal = {Nature 2020 585:7825},
    author = {Harris, Charles R. and Millman, K. Jarrod and van der Walt, Stéfan J. and Gommers, Ralf and Virtanen, Pauli and Cournapeau, David and Wieser, Eric and Taylor, Julian and Berg, Sebastian and Smith, Nathaniel J. and Kern, Robert and Picus, Matti and Hoyer, Stephan and van Kerkwijk, Marten H. and Brett, Matthew and Haldane, Allan and del R{\'{i}}o, Jaime Fernández and Wiebe, Mark and Peterson, Pearu and G{\'{e}}rard-Marchant, Pierre and Sheppard, Kevin and Reddy, Tyler and Weckesser, Warren and Abbasi, Hameer and Gohlke, Christoph and Oliphant, Travis E.},
    number = {7825},
    month = {9},
    pages = {357--362},
    volume = {585},
    publisher = {Nature Publishing Group},
    url = {https://www.nature.com/articles/s41586-020-2649-2},
    doi = {10.1038/s41586-020-2649-2},
    issn = {1476-4687},
    pmid = {32939066},
    arxivId = {2006.10256},
    keywords = {Computational neuroscience, Computational science, Computer science, Software, Solar physics}
}

@article{astropy_1,
    title = {{Astropy: A community Python package for astronomy}},
    year = {2013},
    journal = {Astronomy {\&} Astrophysics},
    author = {Robitaille, Thomas P. and Tollerud, Erik J. and Greenfield, Perry and Droettboom, Michael and Bray, Erik and Aldcroft, Tom and Davis, Matt and Ginsburg, Adam and Price-Whelan, Adrian M. and Kerzendorf, Wolfgang E. and Conley, Alexander and Crighton, Neil and Barbary, Kyle and Muna, Demitri and Ferguson, Henry and Grollier, Frédéric and Parikh, Madhura M. and Nair, Prasanth H. and G{\"{u}}nther, Hans M. and Deil, Christoph and Woillez, Julien and Conseil, Simon and Kramer, Roban and Turner, James E.H. and Singer, Leo and Fox, Ryan and Weaver, Benjamin A. and Zabalza, Victor and Edwards, Zachary I. and Azalee Bostroem, K. and Burke, D. J. and Casey, Andrew R. and Crawford, Steven M. and Dencheva, Nadia and Ely, Justin and Jenness, Tim and Labrie, Kathleen and Lim, Pey Lian and Pierfederici, Francesco and Pontzen, Andrew and Ptak, Andy and Refsdal, Brian and Servillat, Mathieu and Streicher, Ole},
    month = {10},
    pages = {A33},
    volume = {558},
    publisher = {EDP Sciences},
    url = {https://www.aanda.org/articles/aa/full_html/2013/10/aa22068-13/aa22068-13.html https://www.aanda.org/articles/aa/abs/2013/10/aa22068-13/aa22068-13.html},
    doi = {10.1051/0004-6361/201322068},
    issn = {0004-6361},
    arxivId = {1307.6212},
    keywords = {A{\&}A, Astronomy {\&} Astrophysics, EDP Sciences, ESO, methods: data analysis, methods: miscellaneous, virtual observatory tools}
}

@article{importance_sampling,
    title = {{Bayesian Estimates of Equation System Parameters: An Application of Integration by Monte Carlo}},
    year = {1978},
    journal = {Econometrica},
    author = {Kloek, T. and van Dijk, H. K.},
    number = {1},
    month = {1},
    pages = {1},
    volume = {46},
    doi = {10.2307/1913641},
    issn = {00129682}
}

@article{candels_1,
    title = {{CANDELS: THE COSMIC ASSEMBLY NEAR-INFRARED DEEP EXTRAGALACTIC LEGACY SURVEY}},
    year = {2011},
    journal = {The Astrophysical Journal Supplement Series},
    author = {Grogin, Norman A. and Kocevski, Dale D. and Faber, S. M. and Ferguson, Henry C. and Koekemoer, Anton M. and Riess, Adam G. and Acquaviva, Viviana and Alexander, David M. and Almaini, Omar and Ashby, Matthew L. N. and Barden, Marco and Bell, Eric F. and Bournaud, Frédéric and Brown, Thomas M. and Caputi, Karina I. and Casertano, Stefano and Cassata, Paolo and Castellano, Marco and Challis, Peter and Chary, Ranga-Ram and Cheung, Edmond and Cirasuolo, Michele and Conselice, Christopher J. and Cooray, Asantha Roshan and Croton, Darren J. and Daddi, Emanuele and Dahlen, Tomas and Dav{\'{e}}, Romeel and de Mello, Duília F. and Dekel, Avishai and Dickinson, Mark and Dolch, Timothy and Donley, Jennifer L. and Dunlop, James S. and Dutton, Aaron A. and Elbaz, David and Fazio, Giovanni G. and Filippenko, Alexei V. and Finkelstein, Steven L. and Fontana, Adriano and Gardner, Jonathan P. and Garnavich, Peter M. and Gawiser, Eric and Giavalisco, Mauro and Grazian, Andrea and Guo, Yicheng and Hathi, Nimish P. and H{\"{a}}ussler, Boris and Hopkins, Philip F. and Huang, Jia-Sheng and Huang, Kuang-Han and Jha, Saurabh W. and Kartaltepe, Jeyhan S. and Kirshner, Robert P. and Koo, David C. and Lai, Kamson and Lee, Kyoung-Soo and Li, Weidong and Lotz, Jennifer M. and Lucas, Ray A. and Madau, Piero and McCarthy, Patrick J. and McGrath, Elizabeth J. and McIntosh, Daniel H. and McLure, Ross J. and Mobasher, Bahram and Moustakas, Leonidas A. and Mozena, Mark and Nandra, Kirpal and Newman, Jeffrey A. and Niemi, Sami-Matias and Noeske, Kai G. and Papovich, Casey J. and Pentericci, Laura and Pope, Alexandra and Primack, Joel R. and Rajan, Abhijith and Ravindranath, Swara and Reddy, Naveen A. and Renzini, Alvio and Rix, Hans-Walter and Robaina, Aday R. and Rodney, Steven A. and Rosario, David J. and Rosati, Piero and Salimbeni, Sara and Scarlata, Claudia and Siana, Brian and Simard, Luc and Smidt, Joseph and Somerville, Rachel S. and Spinrad, Hyron and Straughn, Amber N. and Strolger, Louis-Gregory and Telford, Olivia and Teplitz, Harry I. and Trump, Jonathan R. and van der Wel, Arjen and Villforth, Carolin and Wechsler, Risa H. and Weiner, Benjamin J. and Wiklind, Tommy and Wild, Vivienne and Wilson, Grant and Wuyts, Stijn and Yan, Hao-Jing and Yun, Min S.},
    number = {2},
    month = {12},
    pages = {35},
    volume = {197},
    publisher = {IOP Publishing},
    url = {http://stacks.iop.org/0067-0049/197/i=2/a=35?key=crossref.7b1f7638768d7cc6a63748c16607a9bf},
    doi = {10.1088/0067-0049/197/2/35},
    issn = {0067-0049}
}

@article{corner,
    title = {{corner.py: Scatterplot matrices in Python}},
    year = {2016},
    journal = {Journal of Open Source Software},
    author = {Foreman-Mackey, Daniel},
    number = {2},
    month = {6},
    pages = {24},
    volume = {1},
    publisher = {The Open Journal},
    url = {https://joss.theoj.org/papers/10.21105/joss.00024},
    doi = {10.21105/JOSS.00024},
    issn = {2475-9066}
}

@inproceedings{pandas,
    title = {{Data Structures for Statistical Computing in Python}},
    year = {2010},
    booktitle = {Proceedings of the 9th Python in Science Conference},
    author = {McKinney, Wes},
    pages = {56--61},
    url = {https://conference.scipy.org/proceedings/scipy2010/mckinney.html},
    doi = {10.25080/Majora-92bf1922-00a}
}

@book{goodfellow_16,
    title = {{Deep Learning}},
    year = {2016},
    author = {Goodfellow, Ian and Bengio, Yoshua and Courville, Aaron},
    publisher = {MIT Press},
    isbn = {9780262337373}
}

@article{lecun_15,
    title = {{Deep learning}},
    year = {2015},
    journal = {Nature},
    author = {Lecun, Yann and Bengio, Yoshua and Hinton, Geoffrey},
    number = {7553},
    month = {5},
    pages = {436--444},
    volume = {521},
    publisher = {Nature Publishing Group},
    url = {http://www.nature.com/articles/nature14539},
    doi = {10.1038/nature14539},
    issn = {14764687},
    keywords = {Computer science, Mathematics and computing}
}

@article{dl_overview,
    title = {{Deep Learning in neural networks: An overview}},
    year = {2015},
    journal = {Neural Networks},
    author = {Schmidhuber, Jürgen},
    month = {4},
    pages = {85--117},
    volume = {61},
    url = {http://dx.doi.org/10.1016/j.neunet.2014.09.003},
    isbn = {0893-6080},
    doi = {10.1016/j.neunet.2014.09.003},
    issn = {18792782},
    pmid = {25462637},
    arxivId = {arXiv:1404.7828},
    keywords = {Deep learning, Evolutionary computation, Reinforcement learning, Supervised learning, Unsupervised learning}
}

@book{chollet_21,
    title = {{Deep Learning with Python}},
    year = {2021},
    author = {Chollet, Francois},
    publisher = {Simon and Schuster},
    isbn = {9781617294433}
}

@article{galfit,
    title = {{Detailed Structural Decomposition of Galaxy Images}},
    year = {2002},
    journal = {The Astronomical Journal},
    author = {Peng, Chien Y. and Ho, Luis C. and Impey, Chris D. and Rix, Hans-Walter},
    number = {1},
    month = {7},
    pages = {266--293},
    volume = {124},
    publisher = {IOP Publishing},
    url = {http://stacks.iop.org/1538-3881/124/i=1/a=266},
    doi = {10.1086/340952},
    issn = {00046256}
}

@inproceedings{mlflow,
    title = {{Developments in MLflow}},
    year = {2020},
    booktitle = {Proceedings of the Fourth International Workshop on Data Management for End-to-End Machine Learning},
    author = {Chen, Andrew and Chow, Andy and Davidson, Aaron and DCunha, Arjun and Ghodsi, Ali and Hong, Sue Ann and Konwinski, Andy and Mewald, Clemens and Murching, Siddharth and Nykodym, Tomas and Ogilvie, Paul and Parkhe, Mani and Singh, Avesh and Xie, Fen and Zaharia, Matei and Zang, Richard and Zheng, Juntai and Zumar, Corey},
    month = {6},
    pages = {1--4},
    publisher = {ACM},
    address = {New York, NY, USA},
    isbn = {9781450380232},
    doi = {10.1145/3399579.3399867}
}

@inproceedings{gal_2016,
    title = {{Dropout as a Bayesian approximation: Representing model uncertainty in deep learning}},
    year = {2016},
    booktitle = {33rd International Conference on Machine Learning, ICML 2016},
    author = {Gal, Yarin and Ghahramani, Zoubin},
    month = {6},
    pages = {1651--1660},
    volume = {3},
    publisher = {PMLR},
    url = {https://proceedings.mlr.press/v48/gal16.html},
    isbn = {9781510829008},
    issn = {1938-7228},
    arxivId = {1506.02142}
}

@inproceedings{gal_2016b,
    title = {{Dropout as a bayesian approximation: Representing model uncertainty in deep learning}},
    year = {2016},
    booktitle = {Proceedings of The 33rd International Conference on Machine Learning},
    author = {Gal, Yarin and Ghahramani, Zoubin},
    pages = {1050--1059},
    publisher = {PMLR},
    url = {http://proceedings.mlr.press/v48/gal16.pdf}
}

@article{hubble_1926,
    title = {{Extragalactic nebulae.}},
    year = {1926},
    journal = {The Astrophysical Journal},
    author = {Hubble, E. P.},
    month = {12},
    pages = {321},
    volume = {64},
    url = {http://adsabs.harvard.edu/doi/10.1086/143018},
    doi = {10.1086/143018},
    issn = {0004-637X}
}

@article{hsc_pdr1,
    title = {{First data release of the Hyper Suprime-Cam Subaru Strategic Program}},
    year = {2018},
    journal = {Publications of the Astronomical Society of Japan},
    author = {Aihara, Hiroaki and Armstrong, Robert and Bickerton, Steven and Bosch, James and Coupon, Jean and Furusawa, Hisanori and Hayashi, Yusuke and Ikeda, Hiroyuki and Kamata, Yukiko and Karoji, Hiroshi and Kawanomoto, Satoshi and Koike, Michitaro and Komiyama, Yutaka and Lang, Dustin and Lupton, Robert H and Mineo, Sogo and Miyatake, Hironao and Miyazaki, Satoshi and Morokuma, Tomoki and Obuchi, Yoshiyuki and Oishi, Yukie and Okura, Yuki and Price, Paul A and Takata, Tadafumi and Tanaka, Manobu M and Tanaka, Masayuki and Tanaka, Yoko and Uchida, Tomohisa and Uraguchi, Fumihiro and Utsumi, Yousuke and Wang, Shiang-Yu and Yamada, Yoshihiko and Yamanoi, Hitomi and Yasuda, Naoki and Arimoto, Nobuo and Chiba, Masashi and Finet, Francois and Fujimori, Hiroki and Fujimoto, Seiji and Furusawa, Junko and Goto, Tomotsugu and Goulding, Andy and Gunn, James E and Harikane, Yuichi and Hattori, Takashi and Hayashi, Masao and He{\l}miniak, Krzysztof G and Higuchi, Ryo and Hikage, Chiaki and Ho, Paul T P and Hsieh, Bau-Ching and Huang, Kuiyun and Huang, Song and Imanishi, Masatoshi and Iwata, Ikuru and Jaelani, Anton T and Jian, Hung-Yu and Kashikawa, Nobunari and Katayama, Nobuhiko and Kojima, Takashi and Konno, Akira and Koshida, Shintaro and Kusakabe, Haruka and Leauthaud, Alexie and Lee, Chien-Hsiu and Lin, Lihwai and Lin, Yen-Ting and Mandelbaum, Rachel and Matsuoka, Yoshiki and Medezinski, Elinor and Miyama, Shoken and Momose, Rieko and More, Anupreeta and More, Surhud and Mukae, Shiro and Murata, Ryoma and Murayama, Hitoshi and Nagao, Tohru and Nakata, Fumiaki and Niida, Mana and Niikura, Hiroko and Nishizawa, Atsushi J and Oguri, Masamune and Okabe, Nobuhiro and Ono, Yoshiaki and Onodera, Masato and Onoue, Masafusa and Ouchi, Masami and Pyo, Tae-Soo and Shibuya, Takatoshi and Shimasaku, Kazuhiro and Simet, Melanie and Speagle, Joshua and Spergel, David N and Strauss, Michael A and Sugahara, Yuma and Sugiyama, Naoshi and Suto, Yasushi and Suzuki, Nao and Tait, Philip J and Takada, Masahiro and Terai, Tsuyoshi and Toba, Yoshiki and Turner, Edwin L and Uchiyama, Hisakazu and Umetsu, Keiichi and Urata, Yuji and Usuda, Tomonori and Yeh, Sherry and Yuma, Suraphong},
    number = {SP1},
    month = {1},
    volume = {70},
    url = {https://academic.oup.com/pasj/article/doi/10.1093/pasj/psx081/4494171},
    doi = {10.1093/pasj/psx081},
    issn = {0004-6264}
}

@book{binney_and_merrifield,
    title = {{Galactic astronomy}},
    year = {1998},
    author = {Binney, James and Merrifield, Michael},
    pages = {796},
    publisher = {Princeton University Press},
    url = {https://press.princeton.edu/titles/6358.html},
    isbn = {9780691025650}
}

@article{wuyts_11,
    title = {{GALAXY STRUCTURE AND MODE OF STAR FORMATION IN THE SFR-MASS PLANE FROM z ∼ 2.5 TO z ∼ 0.1}},
    year = {2011},
    journal = {The Astrophysical Journal},
    author = {Wuyts, Stijn and F{\"{o}}rster Schreiber, Natascha M. and van der Wel, Arjen and Magnelli, Benjamin and Guo, Yicheng and Genzel, Reinhard and Lutz, Dieter and Aussel, Hervé and Barro, Guillermo and Berta, Stefano and Cava, Antonio and Graci{\'{a}}-Carpio, Javier and Hathi, Nimish P. and Huang, Kuang-Han and Kocevski, Dale D. and Koekemoer, Anton M. and Lee, Kyoung-Soo and Le Floc'h, Emeric and McGrath, Elizabeth J. and Nordon, Raanan and Popesso, Paola and Pozzi, Francesca and Riguccini, Laurie and Rodighiero, Giulia and Saintonge, Amelie and Tacconi, Linda},
    number = {2},
    month = {12},
    pages = {96},
    volume = {742},
    url = {https://iopscience.iop.org/article/10.1088/0004-637X/742/2/96},
    doi = {10.1088/0004-637X/742/2/96},
    issn = {0004-637X}
}

@article{walmsley_decals,
    title = {{Galaxy Zoo DECaLS: Detailed visual morphology measurements from volunteers and deep learning for 314 000 galaxies}},
    year = {2021},
    journal = {Monthly Notices of the Royal Astronomical Society},
    author = {Walmsley, Mike and Lintott, Chris and G{\'{e}}ron, Tobias and Kruk, Sandor and Krawczyk, Coleman and Willett, Kyle W and Bamford, Steven and Kelvin, Lee S and Fortson, Lucy and Gal, Yarin and Keel, William and Masters, Karen L and Mehta, Vihang and Simmons, Brooke D and Smethurst, Rebecca and Smith, Lewis and Baeten, Elisabeth M and Macmillan, Christine},
    number = {3},
    month = {12},
    pages = {3966--3988},
    volume = {509},
    doi = {10.1093/mnras/stab2093},
    issn = {0035-8711}
}

@article{gzoo_original,
    title = {{Galaxy Zoo: Morphologies derived from visual inspection of galaxies from the Sloan Digital Sky Survey}},
    year = {2008},
    journal = {Monthly Notices of the Royal Astronomical Society},
    author = {Lintott, Chris J. and Schawinski, Kevin and Slosar, Anže and Land, Kate and Bamford, Steven and Thomas, Daniel and Raddick, M. Jordan and Nichol, Robert C. and Szalay, Alex and Andreescu, Dan and Murray, Phil and Vandenberg, Jan},
    number = {3},
    month = {9},
    pages = {1179--1189},
    volume = {389},
    url = {https://academic.oup.com/mnras/article-lookup/doi/10.1111/j.1365-2966.2008.13689.x},
    doi = {10.1111/j.1365-2966.2008.13689.x},
    issn = {00358711},
    keywords = {Galaxies: elliptical and lenticular, cD, Galaxies: general, Galaxies: spiral, Methods: data analysis}
}

@article{gzoo_candels,
    title = {{Galaxy Zoo: Quantitative visual morphological classifications for 48 000 galaxies from CANDELS}},
    year = {2017},
    journal = {Monthly Notices of the Royal Astronomical Society},
    author = {Simmons, B. D. and Lintott, Chris and Willett, Kyle W. and Masters, Karen L. and Kartaltepe, Jeyhan S. and H{\"{a}}u{\ss}ler, Boris and Kaviraj, Sugata and Krawczyk, Coleman and Kruk, S. J. and McIntosh, Daniel H. and Smethurst, R. J. and Nichol, Robert C. and Scarlata, Claudia and Schawinski, Kevin and Conselice, Christopher J. and Almaini, Omar and Ferguson, Henry C. and Fortson, Lucy and Hartley, William and Kocevski, Dale and Koekemoer, Anton M. and Mortlock, Alice and Newman, Jeffrey A. and Bamford, Steven P. and Grogin, N. A. and Lucas, Ray A. and Hathi, Nimish P. and McGrath, Elizabeth and Peth, Michael and Pforr, Janine and Rizer, Zachary and Wuyts, Stijn and Barro, Guillermo and Bell, Eric F. and Castellano, Marco and Dahlen, Tomas and Dekel, Avishai and Ownsworth, Jamie and Faber, Sandra M. and Finkelstein, Steven L. and Fontana, Adriano and Galametz, Audrey and Gr{\"{u}}tzbauch, Ruth and Koo, David and Lotz, Jennifer and Mobasher, Bahram and Mozena, Mark and Salvato, Mara and Wiklind, Tommy},
    number = {4},
    month = {2},
    pages = {4420--4447},
    volume = {464},
    url = {http://dx.doi.org/10.1093/mnras/stw2587},
    doi = {10.1093/mnras/stw2587},
    issn = {13652966},
    arxivId = {1610.03070},
    keywords = {Galaxies: bulges, Galaxies: elliptical and lenticular, cD, Galaxies: general, Galaxies: spiral, Galaxies: structure, galaxies: evolution}
}

@article{rowe_15,
    title = {{GalSim: The modular galaxy image simulation toolkit}},
    year = {2015},
    journal = {Astronomy and Computing},
    author = {Rowe, B.T.P. and Jarvis, M. and Mandelbaum, R. and Bernstein, G.M. and Bosch, J. and Simet, M. and Meyers, J.E. and Kacprzak, T. and Nakajima, R. and Zuntz, J. and Miyatake, H. and Dietrich, J.P. and Armstrong, R. and Melchior, P. and Gill, M.S.S.},
    month = {4},
    pages = {121--150},
    volume = {10},
    url = {https://linkinghub.elsevier.com/retrieve/pii/S221313371500013X},
    doi = {10.1016/j.ascom.2015.02.002},
    issn = {22131337}
}

@article{gems,
    title = {{GEMS: Galaxy Evolution from Morphologies and SEDs}},
    year = {2004},
    journal = {The Astrophysical Journal Supplement Series},
    author = {Rix, Hans‐Walter and Barden, Marco and Beckwith, Steven V. W. and Bell, Eric F. and Borch, Andrea and Caldwell, John A. R. and Haussler, Boris and Jahnke, Knud and Jogee, Shardha and McIntosh, Daniel H. and Meisenheimer, Klaus and Peng, Chien Y. and Sanchez, Sebastian F. and Somerville, Rachel S. and Wisotzki, Lutz and Wolf, Christian},
    number = {2},
    month = {6},
    pages = {163--173},
    volume = {152},
    publisher = {American Astronomical Society},
    url = {https://iopscience.iop.org/article/10.1086/420885 https://iopscience.iop.org/article/10.1086/420885/meta},
    doi = {10.1086/420885},
    issn = {0067-0049},
    keywords = {Subject headings, bulges-galaxies, color figures, evolution-galaxies, fundamental parameters-galaxies, galaxies, high-redshift-galaxies, structure On-line material}
}

@article{haussler_07,
    title = {{GEMS: Galaxy Fitting Catalogs and Testing Parametric Galaxy Fitting Codes: GALFIT and GIM2D}},
    year = {2007},
    journal = {The Astrophysical Journal Supplement Series},
    author = {Haussler, Boris and McIntosh, Daniel H. and Barden, Marco and Bell, Eric F. and Rix, Hans‐Walter and Borch, Andrea and Beckwith, Steven V. W. and Caldwell, John A. R. and Heymans, Catherine and Jahnke, Knud and Jogee, Shardha and Koposov, Sergey E. and Meisenheimer, Klaus and Sanchez, Sebastian F. and Somerville, Rachel S. and Wisotzki, Lutz and Wolf, Christian},
    number = {2},
    month = {10},
    pages = {615--633},
    volume = {172},
    publisher = {American Astronomical Society},
    url = {https://iopscience.iop.org/article/10.1086/518836 https://iopscience.iop.org/article/10.1086/518836/meta},
    doi = {10.1086/518836},
    issn = {0067-0049},
    keywords = {Subject headingg s, catalogs-galaxies, data analysis-surveys Online material, general-galaxies, machine-readable table, photometry-galaxies, statistics-methods}
}

@article{lecun_98,
    title = {{Gradient-based learning applied to document recognition}},
    year = {1998},
    journal = {Proceedings of the IEEE},
    author = {LeCun, Yann and Bottou, Léon and Bengio, Yoshua and Haffner, Patrick},
    number = {11},
    pages = {2278--2323},
    volume = {86},
    url = {http://ieeexplore.ieee.org/document/726791/},
    doi = {10.1109/5.726791},
    issn = {00189219},
    keywords = {Convolutional neural networks, Document recognition, Finite state transducers, Gradient-based learning, Graph transformer networks, Machine learning, Neural networks, Optical character recognition (OCR)}
}

@misc{ignite,
    title = {{High-level library to help with training neural networks in PyTorch}},
    year = {2020},
    booktitle = {GitHub repository},
    author = {Fomin, V and Anmol, J and Desroziers, S and Kriss, J and Tejani, A},
    publisher = {GitHub},
    howpublished = {https://github.com/pytorch/ignite}
}

@article{rumelhart_88,
    title = {{Learning representations by back-propagating errors}},
    year = {1986},
    journal = {Nature},
    author = {Rumelhart, David E. and Hinton, Geoffrey E. and Williams, Ronald J.},
    number = {6088},
    month = {10},
    pages = {533--536},
    volume = {323},
    publisher = {Nature Publishing Group},
    url = {http://www.nature.com/articles/323533a0},
    doi = {10.1038/323533a0},
    issn = {00280836},
    keywords = {Humanities and Social Sciences, Science, multidisciplinary}
}

@article{lsst,
    title = {{LSST: From Science Drivers to Reference Design and Anticipated Data Products}},
    year = {2019},
    journal = {The Astrophysical Journal},
    author = {Ivezi{\'{c}}, Zeljko and Kahn, Steven M. and Tyson, J. Anthony and Abel, Bob and Acosta, Emily and Allsman, Robyn and Alonso, David and AlSayyad, Yusra and Anderson, Scott F. and Andrew, John and P. Angel, James Roger and Angeli, George Z. and Ansari, Reza and Antilogus, Pierre and Araujo, Constanza and Armstrong, Robert and Arndt, Kirk T. and Astier, Pierre and Aubourg, Éric and Auza, Nicole and Axelrod, Tim S. and Bard, Deborah J. and Barr, Jeff D. and Barrau, Aurelian and Bartlett, James G. and Bauer, Amanda E. and Bauman, Brian J. and Baumont, Sylvain and Bechtol, Ellen and Bechtol, Keith and Becker, Andrew C. and Becla, Jacek and Beldica, Cristina and Bellavia, Steve and Bianco, Federica B. and Biswas, Rahul and Blanc, Guillaume and Blazek, Jonathan and Blandford, Roger D. and Bloom, Josh S. and Bogart, Joanne and Bond, Tim W. and Booth, Michael T. and Borgland, Anders W. and Borne, Kirk and Bosch, James F. and Boutigny, Dominique and Brackett, Craig A. and Bradshaw, Andrew and Brandt, William Nielsen and Brown, Michael E. and Bullock, James S. and Burchat, Patricia and Burke, David L. and Cagnoli, Gianpietro and Calabrese, Daniel and Callahan, Shawn and Callen, Alice L. and Carlin, Jeffrey L. and Carlson, Erin L. and Chandrasekharan, Srinivasan and Charles-Emerson, Glenaver and Chesley, Steve and Cheu, Elliott C. and Chiang, Hsin-Fang and Chiang, James and Chirino, Carol and Chow, Derek and Ciardi, David R. and Claver, Charles F. and Cohen-Tanugi, Johann and Cockrum, Joseph J. and Coles, Rebecca and Connolly, Andrew J. and Cook, Kem H. and Cooray, Asantha and Covey, Kevin R. and Cribbs, Chris and Cui, Wei and Cutri, Roc and Daly, Philip N. and Daniel, Scott F. and Daruich, Felipe and Daubard, Guillaume and Daues, Greg and Dawson, William and Delgado, Francisco and Dellapenna, Alfred and Peyster, Robert de and Val-Borro, Miguel de and Digel, Seth W. and Doherty, Peter and Dubois, Richard and Dubois-Felsmann, Gregory P. and Durech, Josef and Economou, Frossie and Eifler, Tim and Eracleous, Michael and Emmons, Benjamin L. and Neto, Angelo Fausti and Ferguson, Henry and Figueroa, Enrique and Fisher-Levine, Merlin and Focke, Warren and Foss, Michael D. and Frank, James and Freemon, Michael D. and Gangler, Emmanuel and Gawiser, Eric and Geary, John C. and Gee, Perry and Geha, Marla and Gessner, Charles J. B. and Gibson, Robert R. and Gilmore, D. Kirk and Glanzman, Thomas and Glick, William and Goldina, Tatiana and Goldstein, Daniel A. and Goodenow, Iain and Graham, Melissa L. and Gressler, William J. and Gris, Philippe and Guy, Leanne P. and Guyonnet, Augustin and Haller, Gunther and Harris, Ron and Hascall, Patrick A. and Haupt, Justine and Hernandez, Fabio and Herrmann, Sven and Hileman, Edward and Hoblitt, Joshua and Hodgson, John A. and Hogan, Craig and Howard, James D. and Huang, Dajun and Huffer, Michael E. and Ingraham, Patrick and Innes, Walter R. and Jacoby, Suzanne H. and Jain, Bhuvnesh and Jammes, Fabrice and Jee, James and Jenness, Tim and Jernigan, Garrett and Jevremovi{\'{c}}, Darko and Johns, Kenneth and Johnson, Anthony S. and Johnson, Margaret W. G. and Jones, R. Lynne and Juramy-Gilles, Claire and Juri{\'{c}}, Mario and Kalirai, Jason S. and Kallivayalil, Nitya J. and Kalmbach, Bryce and Kantor, Jeffrey P. and Karst, Pierre and Kasliwal, Mansi M. and Kelly, Heather and Kessler, Richard and Kinnison, Veronica and Kirkby, David and Knox, Lloyd and Kotov, Ivan V. and Krabbendam, Victor L. and Krughoff, K. Simon and Kub{\'{a}}nek, Petr and Kuczewski, John and Kulkarni, Shri and Ku, John and Kurita, Nadine R. and Lage, Craig S. and Lambert, Ron and Lange, Travis and Langton, J. Brian and Guillou, Laurent Le and Levine, Deborah and Liang, Ming and Lim, Kian-Tat and Lintott, Chris J. and Long, Kevin E. and Lopez, Margaux and Lotz, Paul J. and Lupton, Robert H. and Lust, Nate B. and MacArthur, Lauren A. and Mahabal, Ashish and Mandelbaum, Rachel and Markiewicz, Thomas W. and Marsh, Darren S. and Marshall, Philip J. and Marshall, Stuart and May, Morgan and McKercher, Robert and McQueen, Michelle and Meyers, Joshua and Migliore, Myriam and Miller, Michelle and Mills, David J. and Miraval, Connor and Moeyens, Joachim and Moolekamp, Fred E. and Monet, David G. and Moniez, Marc and Monkewitz, Serge and Montgomery, Christopher and Morrison, Christopher B. and Mueller, Fritz and Muller, Gary P. and Arancibia, Freddy Muñoz and Neill, Douglas R. and Newbry, Scott P. and Nief, Jean-Yves and Nomerotski, Andrei and Nordby, Martin and O’Connor, Paul and Oliver, John and Olivier, Scot S. and Olsen, Knut and O’Mullane, William and Ortiz, Sandra and Osier, Shawn and Owen, Russell E. and Pain, Reynald and Palecek, Paul E. and Parejko, John K. and Parsons, James B. and Pease, Nathan M. and Peterson, J. Matt and Peterson, John R. and Petravick, Donald L. and Petrick, M. E. Libby and Petry, Cathy E. and Pierfederici, Francesco and Pietrowicz, Stephen and Pike, Rob and Pinto, Philip A. and Plante, Raymond and Plate, Stephen and Plutchak, Joel P. and Price, Paul A. and Prouza, Michael and Radeka, Veljko and Rajagopal, Jayadev and Rasmussen, Andrew P. and Regnault, Nicolas and Reil, Kevin A. and Reiss, David J. and Reuter, Michael A. and Ridgway, Stephen T. and Riot, Vincent J. and Ritz, Steve and Robinson, Sean and Roby, William and Roodman, Aaron and Rosing, Wayne and Roucelle, Cecille and Rumore, Matthew R. and Russo, Stefano and Saha, Abhijit and Sassolas, Benoit and Schalk, Terry L. and Schellart, Pim and Schindler, Rafe H. and Schmidt, Samuel and Schneider, Donald P. and Schneider, Michael D. and Schoening, William and Schumacher, German and Schwamb, Megan E. and Sebag, Jacques and Selvy, Brian and Sembroski, Glenn H. and Seppala, Lynn G. and Serio, Andrew and Serrano, Eduardo and Shaw, Richard A. and Shipsey, Ian and Sick, Jonathan and Silvestri, Nicole and Slater, Colin T. and Smith, J. Allyn and Smith, R. Chris and Sobhani, Shahram and Soldahl, Christine and Storrie-Lombardi, Lisa and Stover, Edward and Strauss, Michael A. and Street, Rachel A. and Stubbs, Christopher W. and Sullivan, Ian S. and Sweeney, Donald and Swinbank, John D. and Szalay, Alexander and Takacs, Peter and Tether, Stephen A. and Thaler, Jon J. and Thayer, John Gregg and Thomas, Sandrine and Thornton, Adam J. and Thukral, Vaikunth and Tice, Jeffrey and Trilling, David E. and Turri, Max and Berg, Richard Van and Berk, Daniel Vanden and Vetter, Kurt and Virieux, Francoise and Vucina, Tomislav and Wahl, William and Walkowicz, Lucianne and Walsh, Brian and Walter, Christopher W. and Wang, Daniel L. and Wang, Shin-Yawn and Warner, Michael and Wiecha, Oliver and Willman, Beth and Winters, Scott E. and Wittman, David and Wolff, Sidney C. and Wood-Vasey, W. Michael and Wu, Xiuqin and Xin, Bo and Yoachim, Peter and Zhan, Hu},
    number = {2},
    month = {3},
    pages = {111},
    volume = {873},
    doi = {10.3847/1538-4357/ab042c},
    issn = {1538-4357}
}

@article{matplotlib,
    title = {{Matplotlib: A 2D Graphics Environment}},
    year = {2007},
    journal = {Computing in Science {\&} Engineering},
    author = {Hunter, John D.},
    number = {3},
    pages = {90--95},
    volume = {9},
    doi = {10.1109/MCSE.2007.55},
    issn = {1521-9615}
}

@article{ml_pz,
    title = {{Measuring photometric redshifts using galaxy images and Deep Neural Networks}},
    year = {2016},
    journal = {Astronomy and Computing},
    author = {Hoyle, B.},
    month = {7},
    pages = {34--40},
    volume = {16},
    publisher = {Elsevier},
    url = {https://www.sciencedirect.com/science/article/pii/S221313371630021X},
    doi = {10.1016/j.ascom.2016.03.006},
    issn = {22131337},
    keywords = {Astronomy, Cosmology, Machine learning}
}

@article{powell_17,
    title = {{MORPHOLOGY AND THE COLOR–MASS DIAGRAM AS CLUES TO GALAXY EVOLUTION AT z ∼ 1}},
    year = {2017},
    journal = {The Astrophysical Journal},
    author = {Powell, Meredith C. and Urry, C. Megan and Cardamone, Carolin N. and Simmons, Brooke D. and Schawinski, Kevin and Young, Sydney and Kawakatsu, Mari},
    number = {1},
    month = {1},
    pages = {22},
    volume = {835},
    url = {https://iopscience.iop.org/article/10.3847/1538-4357/835/1/22},
    doi = {10.3847/1538-4357/835/1/22},
    issn = {1538-4357}
}

@article{fukushima_80,
    title = {{Neocognitron: A self-organizing neural network model for a mechanism of pattern recognition unaffected by shift in position}},
    year = {1980},
    journal = {Biological Cybernetics},
    author = {Fukushima, Kunihiko},
    number = {4},
    month = {4},
    pages = {193--202},
    volume = {36},
    publisher = {Springer-Verlag},
    url = {http://link.springer.com/10.1007/BF00344251},
    doi = {10.1007/BF00344251},
    issn = {03401200}
}

@book{nielsen,
    title = {{Neural Networks and Deep Learning}},
    year = {2015},
    author = {Nielsen, Michael A.},
    publisher = {Determination Press},
    url = {http://neuralnetworksanddeeplearning.com/}
}

@article{wmap9,
    title = {{Nine-year Wilkinson Microwave Anisotropy Probe (WMAP) observations: cosmological parameter results}},
    year = {2013},
    journal = {The Astrophysical Journal Supplement Series},
    author = {Hinshaw, G. and Larson, D. and Komatsu, E. and Spergel, D. N. and Bennett, C. L. and Dunkley, J. and Nolta, M. R. and Halpern, M. and Hill, R. S. and Odegard, N. and Page, L. and Smith, K. M. and Weiland, J. L. and Gold, B. and Jarosik, N. and Kogut, A. and Limon, M. and Meyer, S. S. and Tucker, G. S. and Wollack, E. and Wright, E. L.},
    number = {2},
    month = {9},
    pages = {19},
    volume = {208},
    doi = {10.1088/0067-0049/208/2/19},
    issn = {0067-0049}
}

@article{cholesky,
    title = {{Note Sur Une M{\'{e}}thode de R{\'{e}}solution des {\'{e}}quations Normales Provenant de L’Application de la M{\'{e}}Thode des Moindres Carr{\'{e}}s a un Syst{\`{e}}me D’{\'{e}}quations Lin{\'{e}}aires en Nombre Inf{\'{e}}rieur a Celui des Inconnues. — Application de la M{\'{e}}thode a la R{\'{e}}solution D’un Syst{\`{e}}me Defini D’{\'{e}}Quations Lin{\'{e}}Aires}},
    year = {1924},
    journal = {Bulletin G{\'{e}}od{\'{e}}sique},
    author = {Cholesky, André-Louis},
    number = {1},
    month = {4},
    pages = {67--77},
    volume = {2},
    doi = {10.1007/BF03031308},
    issn = {0007-4632}
}

@article{planck18,
    title = {{Planck 2018 results. VI. Cosmological parameters}},
    year = {2018},
    journal = {Astronomy and Astrophysics},
    author = {{Planck Collaboration} and Aghanim, N. and Akrami, Y. and Ashdown, M. and Aumont, J. and Baccigalupi, C. and Ballardini, M. and Banday, A. J. and Barreiro, R. B. and Bartolo, N. and Basak, S. and Battye, R. and Benabed, K. and Bernard, J. -P. and Bersanelli, M. and Bielewicz, P. and Bock, J. J. and Bond, J. R. and Borrill, J. and Bouchet, F. R. and Boulanger, F. and Bucher, M. and Burigana, C. and Butler, R. C. and Calabrese, E. and Cardoso, J. -F. and Carron, J. and Challinor, A. and Chiang, H. C. and Chluba, J. and Colombo, L. P. L. and Combet, C. and Contreras, D. and Crill, B. P. and Cuttaia, F. and de Bernardis, P. and de Zotti, G. and Delabrouille, J. and Delouis, J. -M. and Di Valentino, E. and Diego, J. M. and Dor{\'{e}}, O. and Douspis, M. and Ducout, A. and Dupac, X. and Dusini, S. and Efstathiou, G. and Elsner, F. and En{\ss}lin, T. A. and Eriksen, H. K. and Fantaye, Y. and Farhang, M. and Fergusson, J. and Fernandez-Cobos, R. and Finelli, F. and Forastieri, F. and Frailis, M. and Fraisse, A. A. and Franceschi, E. and Frolov, A. and Galeotta, S. and Galli, S. and Ganga, K. and G{\'{e}}nova-Santos, R. T. and Gerbino, M. and Ghosh, T. and Gonz{\'{a}}lez-Nuevo, J. and G{\'{o}}rski, K. M. and Gratton, S. and Gruppuso, A. and Gudmundsson, J. E. and Hamann, J. and Handley, W. and Hansen, F. K. and Herranz, D. and Hildebrandt, S. R. and Hivon, E. and Huang, Z. and Jaffe, A. H. and Jones, W. C. and Karakci, A. and Keih{\"{a}}nen, E. and Keskitalo, R. and Kiiveri, K. and Kim, J. and Kisner, T. S. and Knox, L. and Krachmalnicoff, N. and Kunz, M. and Kurki-Suonio, H. and Lagache, G. and Lamarre, J. -M. and Lasenby, A. and Lattanzi, M. and Lawrence, C. R. and Jeune, M. Le and Lemos, P. and Lesgourgues, J. and Levrier, F. and Lewis, A. and Liguori, M. and Lilje, P. B. and Lilley, M. and Lindholm, V. and L{\'{o}}pez-Caniego, M. and Lubin, P. M. and Ma, Y. -Z. and Mac{\'{i}}as-P{\'{e}}rez, J. F. and Maggio, G. and Maino, D. and Mandolesi, N. and Mangilli, A. and Marcos-Caballero, A. and Maris, M. and Martin, P. G. and Martinelli, M. and Mart{\'{i}}nez-Gonz{\'{a}}lez, E. and Matarrese, S. and Mauri, N. and McEwen, J. D. and Meinhold, P. R. and Melchiorri, A. and Mennella, A. and Migliaccio, M. and Millea, M. and Mitra, S. and Miville-Desch{\^{e}}nes, M. -A. and Molinari, D. and Montier, L. and Morgante, G. and Moss, A. and Natoli, P. and N{\o}rgaard-Nielsen, H. U. and Pagano, L. and Paoletti, D. and Partridge, B. and Patanchon, G. and Peiris, H. V. and Perrotta, F. and Pettorino, V. and Piacentini, F. and Polastri, L. and Polenta, G. and Puget, J. -L. and Rachen, J. P. and Reinecke, M. and Remazeilles, M. and Renzi, A. and Rocha, G. and Rosset, C. and Roudier, G. and Rubi{\~{n}}o-Mart{\'{i}}n, J. A. and Ruiz-Granados, B. and Salvati, L. and Sandri, M. and Savelainen, M. and Scott, D. and Shellard, E. P. S. and Sirignano, C. and Sirri, G. and Spencer, L. D. and Sunyaev, R. and Suur-Uski, A. -S. and Tauber, J. A. and Tavagnacco, D. and Tenti, M. and Toffolatti, L. and Tomasi, M. and Trombetti, T. and Valenziano, L. and Valiviita, J. and Van Tent, B. and Vibert, L. and Vielva, P. and Villa, F. and Vittorio, N. and Wandelt, B. D. and Wehus, I. K. and White, M. and White, S. D. M. and Zacchei, A. and Zonca, A.},
    month = {7},
    volume = {641},
    publisher = {EDP Sciences},
    url = {http://arxiv.org/abs/1807.06209 http://dx.doi.org/10.1051/0004-6361/201833910},
    doi = {10.1051/0004-6361/201833910},
    arxivId = {1807.06209v4},
    keywords = {Cosmic background radiation, Cosmological parameters}
}

@incollection{pytorch,
    title = {{PyTorch: An Imperative Style, High-Performance Deep Learning Library}},
    year = {2019},
    booktitle = {Advances in Neural Information Processing Systems 32},
    author = {Paszke, Adam and Gross, Sam and Massa, Francisco and Lerer, Adam and Bradbury, James and Chanan, Gregory and Killeen, Trevor and Lin, Zeming and Gimelshein, Natalia and Antiga, Luca and Desmaison, Alban and Kopf, Andreas and Yang, Edward and DeVito, Zachary and Raison, Martin and Tejani, Alykhan and Chilamkurthy, Sasank and Steiner, Benoit and Fang, Lu and Bai, Junjie and Chintala, Soumith},
    editor = {Wallach, H and Larochelle, H and Beygelzimer, A and d Alch{\'{e}}-Buc, F and Fox, E and Garnett, R},
    pages = {8024--8035},
    publisher = {Curran Associates, Inc.},
    url = {https://proceedings.neurips.cc/paper/2019/hash/bdbca288fee7f92f2bfa9f7012727740-Abstract.html}
}

@article{wu_2019,
    title = {{Radio Galaxy Zoo: <scp>Claran</scp> – a deep learning classifier for radio morphologies}},
    year = {2019},
    journal = {Monthly Notices of the Royal Astronomical Society},
    author = {Wu, Chen and Wong, Oiwei Ivy and Rudnick, Lawrence and Shabala, Stanislav S and Alger, Matthew J and Banfield, Julie K and Ong, Cheng Soon and White, Sarah V and Garon, Avery F and Norris, Ray P and Andernach, Heinz and Tate, Jean and Lukic, Vesna and Tang, Hongming and Schawinski, Kevin and Diakogiannis, Foivos I},
    number = {1},
    month = {1},
    pages = {1211--1230},
    volume = {482},
    doi = {10.1093/mnras/sty2646},
    issn = {0035-8711}
}

@article{scikitlearn,
    title = {{Scikit-learn: Machine Learning in Python}},
    year = {2011},
    journal = {Journal of Machine Learning Research},
    author = {Pedregosa, F. and Varoquaux, G. and Gramfort, A. and Michel, V. and Thirion, B. and Grisel, O.},
    pages = {2825--2830},
    volume = {12}
}

@article{wmap7,
    title = {{Seven-year wilkinson microwave anisotropy probe (WMAP * ) observations: Cosmological interpretation}},
    year = {2011},
    journal = {Astrophysical Journal, Supplement Series},
    author = {Komatsu, E. and Smith, K. M. and Dunkley, J. and Bennett, C. L. and Gold, B. and Hinshaw, G. and Jarosik, N. and Larson, D. and Nolta, M. R. and Page, L. and Spergel, D. N. and Halpern, M. and Hill, R. S. and Kogut, A. and Limon, M. and Meyer, S. S. and Odegard, N. and Tucker, G. S. and Weiland, J. L. and Wollack, E. and Wright, E. L.},
    number = {2},
    month = {2},
    pages = {18},
    volume = {192},
    publisher = {IOP Publishing},
    url = {http://stacks.iop.org/0067-0049/192/i=2/a=18},
    doi = {10.1088/0067-0049/192/2/18},
    issn = {00670049},
    keywords = {Cosmic background radiation, Cosmology: observations, Dark matter, Early universe, Space vehicles}
}

@article{s_extract,
    title = {{SExtractor: Software for source extraction}},
    year = {1996},
    journal = {Astronomy and Astrophysics Supplement Series},
    author = {Bertinl, E.},
    number = {2},
    month = {6},
    pages = {393--404},
    volume = {117},
    url = {http://aas.aanda.org/10.1051/aas:1996164},
    doi = {10.1051/aas:1996164},
    issn = {03650138},
    keywords = {Galaxies: Photometry, Methods: Data analysis, Techniques: Image processing}
}

@article{s_extractb,
    title = {{SExtractor: Software for source extraction}},
    year = {1996},
    journal = {Astronomy and Astrophysics Supplement Series},
    author = {Bertinl, E.},
    number = {2},
    month = {6},
    pages = {393--404},
    volume = {117},
    url = {http://aas.aanda.org/10.1051/aas:1996164},
    doi = {10.1051/aas:1996164},
    issn = {03650138},
    keywords = {Galaxies: Photometry, Methods: Data analysis, Techniques: Image processing}
}

@article{deep_ensembles,
    title = {{Simple and Scalable Predictive Uncertainty Estimation using Deep Ensembles}},
    year = {2017},
    journal = {Advances in Neural Information Processing Systems},
    author = {Lakshminarayanan, Balaji and Pritzel, Alexander and Deepmind, Charles Blundell},
    volume = {30}
}

@article{meert_13,
    title = {{Simulations of single- and two-component galaxy decompositions for spectroscopically selected galaxies from the Sloan Digital Sky Survey}},
    year = {2013},
    journal = {Monthly Notices of the Royal Astronomical Society},
    author = {Meert, Alan and Vikram, Vinu and Bernardi, Mariangela},
    number = {2},
    month = {8},
    pages = {1344--1361},
    volume = {433},
    doi = {10.1093/mnras/stt822},
    issn = {1365-2966}
}

@article{jarderberg_15,
    title = {{Spatial transformer networks}},
    year = {2015},
    journal = {Advances in Neural Information Processing Systems},
    author = {Jaderberg, Max and Simonyan, Karen and Zisserman, Andrew and Kavukcuoglu, Koray},
    pages = {2017 - 2025},
    volume = {28},
    url = {http://proceedings.neurips.cc/paper/2015/file/33ceb07bf4eeb3da587e268d663aba1a-Paper.pdf}
}

@incollection{spearman,
    title = {{Spearman Rank Correlation Coefficient}},
    year = {2008},
    booktitle = {The Concise Encyclopedia of Statistics},
    author = {Dodge, Yadolah},
    pages = {502--505},
    publisher = {Springer New York},
    url = {https://doi.org/10.1007/978-0-387-32833-1_379},
    address = {New York, NY},
    isbn = {978-0-387-32833-1},
    doi = {10.1007/978-0-387-32833-1{\_}379}
}

@article{ml_sz,
    title = {{Star-galaxy classification using deep convolutional neural networks}},
    year = {2017},
    journal = {Monthly Notices of the Royal Astronomical Society},
    author = {Kim, Edward J. and Brunner, Robert J.},
    number = {4},
    month = {2},
    pages = {4463--4475},
    volume = {464},
    publisher = {Oxford University Press},
    url = {https://academic.oup.com/mnras/article-lookup/doi/10.1093/mnras/stw2672},
    doi = {10.1093/mnras/stw2672},
    issn = {13652966},
    keywords = {Galaxies: statistics, Methods: data analysis, Methods: statistical, Stars: statistics, Surveys, Techniques: image processing}
}

@article{astropy_2,
    title = {{The Astropy Project: Building an inclusive, open-science project and status of the v2.0 core package}},
    year = {2018},
    journal = {The Astronomical Journal},
    author = {Price-Whelan, A. M. and Sip{\H{o}}cz, B. M. and G{\"{u}}nther, H. M. and Lim, P. L. and Crawford, S. M. and Conseil, S. and Shupe, D. L. and Craig, M. W. and Dencheva, N. and Ginsburg, A. and VanderPlas, J. T. and Bradley, L. D. and P{\'{e}}rez-Su{\'{a}}rez, D. and de Val-Borro, M. and Aldcroft, T. L. and Cruz, K. L. and Robitaille, T. P. and Tollerud, E. J. and Ardelean, C. and Babej, T. and Bach, Y. P. and Bachetti, M. and Bakanov, A. V. and Bamford, S. P. and Barentsen, G. and Barmby, P. and Baumbach, A. and Berry, K. L. and Biscani, F. and Boquien, M. and Bostroem, K. A. and Bouma, L. G. and Brammer, G. B. and Bray, E. M. and Breytenbach, H. and Buddelmeijer, H. and Burke, D. J. and Calderone, G. and Rodr{\'{i}}guez, J. L. Cano and Cara, M. and Cardoso, J. V. M. and Cheedella, S. and Copin, Y. and Corrales, L. and Crichton, D. and D’Avella, D. and Deil, C. and Depagne, É. and Dietrich, J. P. and Donath, A. and Droettboom, M. and Earl, N. and Erben, T. and Fabbro, S. and Ferreira, L. A. and Finethy, T. and Fox, R. T. and Garrison, L. H. and Gibbons, S. L. J. and Goldstein, D. A. and Gommers, R. and Greco, J. P. and Greenfield, P. and Groener, A. M. and Grollier, F. and Hagen, A. and Hirst, P. and Homeier, D. and Horton, A. J. and Hosseinzadeh, G. and Hu, L. and Hunkeler, J. S. and Ivezi{\'{c}}, Ž. and Jain, A. and Jenness, T. and Kanarek, G. and Kendrew, S. and Kern, N. S. and Kerzendorf, W. E. and Khvalko, A. and King, J. and Kirkby, D. and Kulkarni, A. M. and Kumar, A. and Lee, A. and Lenz, D. and Littlefair, S. P. and Ma, Z. and Macleod, D. M. and Mastropietro, M. and McCully, C. and Montagnac, S. and Morris, B. M. and Mueller, M. and Mumford, S. J. and Muna, D. and Murphy, N. A. and Nelson, S. and Nguyen, G. H. and Ninan, J. P. and N{\"{o}}the, M. and Ogaz, S. and Oh, S. and Parejko, J. K. and Parley, N. and Pascual, S. and Patil, R. and Patil, A. A. and Plunkett, A. L. and Prochaska, J. X. and Rastogi, T. and Janga, V. Reddy and Sabater, J. and Sakurikar, P. and Seifert, M. and Sherbert, L. E. and Sherwood-Taylor, H. and Shih, A. Y. and Sick, J. and Silbiger, M. T. and Singanamalla, S. and Singer, L. P. and Sladen, P. H. and Sooley, K. A. and Sornarajah, S. and Streicher, O. and Teuben, P. and Thomas, S. W. and Tremblay, G. R. and Turner, J. E. H. and Terr{\'{o}}n, V. and Kerkwijk, M. H. van and de la Vega, A. and Watkins, L. L. and Weaver, B. A. and Whitmore, J. B. and Woillez, J. and Zabalza, V.},
    number = {3},
    month = {1},
    pages = {123},
    volume = {156},
    publisher = {American Astronomical Society},
    url = {https://arxiv.org/abs/1801.02634v2},
    doi = {10.3847/1538-3881/aabc4f},
    issn = {00046256},
    arxivId = {1801.02634}
}

@article{wilson_20,
    title = {{The Case for Bayesian Deep Learning}},
    year = {2020},
    journal = {arXiv preprint arXiv:2001.10995},
    author = {Wilson, Andrew Gordon},
    month = {1},
    url = {https://arxiv.org/abs/2001.10995v1},
    arxivId = {2001.10995}
}

@inproceedings{euclid,
    title = {{The Euclid mission design}},
    year = {2016},
    booktitle = {Proceedings of SPIE Astronomical Telescopes + Instrumentation},
    author = {Racca, Giuseppe D. and Laureijs, René and Stagnaro, Luca and Salvignol, Jean-Christophe and Lorenzo Alvarez, José and Saavedra Criado, Gonzalo and Gaspar Venancio, Luis and Short, Alex and Strada, Paolo and B{\"{o}}nke, Tobias and Colombo, Cyril and Calvi, Adriano and Maiorano, Elena and Piersanti, Osvaldo and Prezelus, Sylvain and Rosato, Pierluigi and Pinel, Jacques and Rozemeijer, Hans and Lesna, Valentina and Musi, Paolo and Sias, Marco and Anselmi, Alberto and Cazaubiel, Vincent and Vaillon, Ludovic and Mellier, Yannick and Amiaux, Jérôme and Berth{\'{e}}, Michel and Sauvage, Marc and Azzollini, Ruyman and Cropper, Mark and Pottinger, Sabrina and Jahnke, Knud and Ealet, Anne and Maciaszek, Thierry and Pasian, Fabio and Zacchei, Andrea and Scaramella, Roberto and Hoar, John and Kohley, Ralf and Vavrek, Roland and Rudolph, Andreas and Schmidt, Micha},
    editor = {MacEwen, Howard A. and Fazio, Giovanni G. and Lystrup, Makenzie and Batalha, Natalie and Siegler, Nicholas and Tong, Edward C.},
    month = {7},
    pages = {99040O},
    url = {http://proceedings.spiedigitallibrary.org/proceeding.aspx?doi=10.1117/12.2230762},
    doi = {10.1117/12.2230762}
}

@article{sdss_tech_summary,
    title = {{The Sloan Digital Sky Survey: Technical Summary}},
    year = {2000},
    journal = {The Astronomical Journal},
    author = {York, Donald G. and Adelman, J. and Anderson, Jr., John E. and Anderson, Scott F. and Annis, James and Bahcall, Neta A. and Bakken, J. A. and Barkhouser, Robert and Bastian, Steven and Berman, Eileen and Boroski, William N. and Bracker, Steve and Briegel, Charlie and Briggs, John W. and Brinkmann, J. and Brunner, Robert and Burles, Scott and Carey, Larry and Carr, Michael A. and Castander, Francisco J. and Chen, Bing and Colestock, Patrick L. and Connolly, A. J. and Crocker, J. H. and Csabai, István and Czarapata, Paul C. and Davis, John Eric and Doi, Mamoru and Dombeck, Tom and Eisenstein, Daniel and Ellman, Nancy and Elms, Brian R. and Evans, Michael L. and Fan, Xiaohui and Federwitz, Glenn R. and Fiscelli, Larry and Friedman, Scott and Frieman, Joshua A. and Fukugita, Masataka and Gillespie, Bruce and Gunn, James E. and Gurbani, Vijay K. and de Haas, Ernst and Haldeman, Merle and Harris, Frederick H. and Hayes, J. and Heckman, Timothy M. and Hennessy, G. S. and Hindsley, Robert B. and Holm, Scott and Holmgren, Donald J. and Huang, Chi-hao and Hull, Charles and Husby, Don and Ichikawa, Shin-Ichi and Ichikawa, Takashi and Ivezi{\'{c}}, Željko and Kent, Stephen and Kim, Rita S. J. and Kinney, E. and Klaene, Mark and Kleinman, A. N. and Kleinman, S. and Knapp, G. R. and Korienek, John and Kron, Richard G. and Kunszt, Peter Z. and Lamb, D. Q. and Lee, B. and Leger, R. French and Limmongkol, Siriluk and Lindenmeyer, Carl and Long, Daniel C. and Loomis, Craig and Loveday, Jon and Lucinio, Rich and Lupton, Robert H. and MacKinnon, Bryan and Mannery, Edward J. and Mantsch, P. M. and Margon, Bruce and McGehee, Peregrine and McKay, Timothy A. and Meiksin, Avery and Merelli, Aronne and Monet, David G. and Munn, Jeffrey A. and Narayanan, Vijay K. and Nash, Thomas and Neilsen, Eric and Neswold, Rich and Newberg, Heidi Jo and Nichol, R. C. and Nicinski, Tom and Nonino, Mario and Okada, Norio and Okamura, Sadanori and Ostriker, Jeremiah P. and Owen, Russell and Pauls, A. George and Peoples, John and Peterson, R. L. and Petravick, Donald and Pier, Jeffrey R. and Pope, Adrian and Pordes, Ruth and Prosapio, Angela and Rechenmacher, Ron and Quinn, Thomas R. and Richards, Gordon T. and Richmond, Michael W. and Rivetta, Claudio H. and Rockosi, Constance M. and Ruthmansdorfer, Kurt and Sandford, Dale and Schlegel, David J. and Schneider, Donald P. and Sekiguchi, Maki and Sergey, Gary and Shimasaku, Kazuhiro and Siegmund, Walter A. and Smee, Stephen and Smith, J. Allyn and Snedden, S. and Stone, R. and Stoughton, Chris and Strauss, Michael A. and Stubbs, Christopher and SubbaRao, Mark and Szalay, Alexander S. and Szapudi, Istvan and Szokoly, Gyula P. and Thakar, Anirudda R. and Tremonti, Christy and Tucker, Douglas L. and Uomoto, Alan and Vanden Berk, Dan and Vogeley, Michael S. and Waddell, Patrick and Wang, Shu-i and Watanabe, Masaru and Weinberg, David H. and Yanny, Brian and Yasuda, Naoki},
    number = {3},
    month = {9},
    pages = {1579--1587},
    volume = {120},
    publisher = {IOP Publishing},
    url = {http://stacks.iop.org/1538-3881/120/i=3/a=1579},
    doi = {10.1086/301513},
    issn = {00046256}
}

@article{sdss_1_2_des,
    title = {{The Sloan Digital Sky Survey: Technical Summary}},
    year = {2000},
    journal = {The Astronomical Journal},
    author = {York, Donald G. and Adelman, J. and Anderson, Jr., John E. and Anderson, Scott F. and Annis, James and Bahcall, Neta A. and Bakken, J. A. and Barkhouser, Robert and Bastian, Steven and Berman, Eileen and Boroski, William N. and Bracker, Steve and Briegel, Charlie and Briggs, John W. and Brinkmann, J. and Brunner, Robert and Burles, Scott and Carey, Larry and Carr, Michael A. and Castander, Francisco J. and Chen, Bing and Colestock, Patrick L. and Connolly, A. J. and Crocker, J. H. and Csabai, István and Czarapata, Paul C. and Davis, John Eric and Doi, Mamoru and Dombeck, Tom and Eisenstein, Daniel and Ellman, Nancy and Elms, Brian R. and Evans, Michael L. and Fan, Xiaohui and Federwitz, Glenn R. and Fiscelli, Larry and Friedman, Scott and Frieman, Joshua A. and Fukugita, Masataka and Gillespie, Bruce and Gunn, James E. and Gurbani, Vijay K. and de Haas, Ernst and Haldeman, Merle and Harris, Frederick H. and Hayes, J. and Heckman, Timothy M. and Hennessy, G. S. and Hindsley, Robert B. and Holm, Scott and Holmgren, Donald J. and Huang, Chi-hao and Hull, Charles and Husby, Don and Ichikawa, Shin-Ichi and Ichikawa, Takashi and Ivezi{\'{c}}, Željko and Kent, Stephen and Kim, Rita S. J. and Kinney, E. and Klaene, Mark and Kleinman, A. N. and Kleinman, S. and Knapp, G. R. and Korienek, John and Kron, Richard G. and Kunszt, Peter Z. and Lamb, D. Q. and Lee, B. and Leger, R. French and Limmongkol, Siriluk and Lindenmeyer, Carl and Long, Daniel C. and Loomis, Craig and Loveday, Jon and Lucinio, Rich and Lupton, Robert H. and MacKinnon, Bryan and Mannery, Edward J. and Mantsch, P. M. and Margon, Bruce and McGehee, Peregrine and McKay, Timothy A. and Meiksin, Avery and Merelli, Aronne and Monet, David G. and Munn, Jeffrey A. and Narayanan, Vijay K. and Nash, Thomas and Neilsen, Eric and Neswold, Rich and Newberg, Heidi Jo and Nichol, R. C. and Nicinski, Tom and Nonino, Mario and Okada, Norio and Okamura, Sadanori and Ostriker, Jeremiah P. and Owen, Russell and Pauls, A. George and Peoples, John and Peterson, R. L. and Petravick, Donald and Pier, Jeffrey R. and Pope, Adrian and Pordes, Ruth and Prosapio, Angela and Rechenmacher, Ron and Quinn, Thomas R. and Richards, Gordon T. and Richmond, Michael W. and Rivetta, Claudio H. and Rockosi, Constance M. and Ruthmansdorfer, Kurt and Sandford, Dale and Schlegel, David J. and Schneider, Donald P. and Sekiguchi, Maki and Sergey, Gary and Shimasaku, Kazuhiro and Siegmund, Walter A. and Smee, Stephen and Smith, J. Allyn and Snedden, S. and Stone, R. and Stoughton, Chris and Strauss, Michael A. and Stubbs, Christopher and SubbaRao, Mark and Szalay, Alexander S. and Szapudi, Istvan and Szokoly, Gyula P. and Thakar, Anirudda R. and Tremonti, Christy and Tucker, Douglas L. and Uomoto, Alan and Vanden Berk, Dan and Vogeley, Michael S. and Waddell, Patrick and Wang, Shu-i and Watanabe, Masaru and Weinberg, David H. and Yanny, Brian and Yasuda, Naoki},
    number = {3},
    month = {9},
    pages = {1579--1587},
    volume = {120},
    publisher = {IOP Publishing},
    url = {http://stacks.iop.org/1538-3881/120/i=3/a=1579},
    doi = {10.1086/301513},
    issn = {00046256}
}

@article{hsc_pdr3_arxiv,
    title = {{Third Data Release of the Hyper Suprime-Cam Subaru Strategic Program}},
    year = {2021},
    author = {Aihara, Hiroaki and AlSayyad, Yusra and Ando, Makoto and Armstrong, Robert and Bosch, James and Egami, Eiichi and Furusawa, Hisanori and Furusawa, Junko and Harasawa, Sumiko and Harikane, Yuichi and Hsieh, Bau-Ching and Ikeda, Hiroyuki and Ito, Kei and Iwata, Ikuru and Kodama, Tadayuki and Koike, Michitaro and Kokubo, Mitsuru and Komiyama, Yutaka and Li, Xiangchong and Liang, Yongming and Lin, Yen-Ting and Lupton, Robert H. and Lust, Nate B and MacArthur, Lauren A. and Mawatari, Ken and Mineo, Sogo and Miyatake, Hironao and Miyazaki, Satoshi and More, Surhud and Morishima, Takahiro and Murayama, Hitoshi and Nakajima, Kimihiko and Nakata, Fumiaki and Nishizawa, Atsushi J. and Oguri, Masamune and Okabe, Nobuhiro and Okura, Yuki and Ono, Yoshiaki and Osato, Ken and Ouchi, Masami and Pan, Yen-Chen and Malag{\'{o}}n, Andrés A. Plazas and Price, Paul A. and Reed, Sophie L and Rykoff, Eli S. and Shibuya, Takatoshi and Simunovic, Mirko and Strauss, Michael A. and Sugimori, Kanako and Suto, Yasushi and Suzuki, Nao and Takada, Masahiro and Takagi, Yuhei and Takata, Tadafumi and Takita, Satoshi and Tanaka, Masayuki and Tang, Shenli and Taranu, Dan S. and Terai, Tsuyoshi and Toba, Yoshiki and Turner, Edwin L. and Uchiyama, Hisakazu and Vijarnwannaluk, Bovornpratch and Waters, Christopher Z and Yamada, Yoshihiko and Yamamoto, Naoaki and Yamashita, Takuji},
    month = {8},
    url = {http://arxiv.org/abs/2108.13045},
    arxivId = {2108.13045}
}

@article{hsc_pdr3,
    title = {{Third Data Release of the Hyper Suprime-Cam Subaru Strategic Program}},
    year = {2021},
    journal = {Publications of the Astronomical Society of Japan},
    author = {Aihara, Hiroaki and Alsayyad, Yusra and Ando, Makoto and Armstrong, Robert and Bosch, James and Egami, Eiichi and Furusawa, Hisanori and Furusawa, Junko and Goulding, Andy and Harikane, Yuichi and Hikage, Chiaki and Ho, Paul T.P. and Hsieh, Bau Ching and Huang, Song and Ikeda, Hiroyuki and Imanishi, Masatoshi and Ito, Kei and Iwata, Ikuru and Jaelani, Anton T. and Kakuma, Ryota and Kawana, Kojiro and Kikuta, Satoshi and Kobayashi, Umi and Koike, Michitaro and Komiyama, Yutaka and Li, Xiangchong and Liang, Yongming and Lin, Yen Ting and Luo, Wentao and Lupton, Robert and Lust, Nate B. and Macarthur, Lauren A. and Matsuoka, Yoshiki and Mineo, Sogo and Miyatake, Hironao and Miyazaki, Satoshi and More, Surhud and Murata, Ryoma and Namiki, Shigeru V. and Nishizawa, Atsushi J. and Oguri, Masamune and Okabe, Nobuhiro and Okamoto, Sakurako and Okura, Yuki and Ono, Yoshiaki and Onodera, Masato and Onoue, Masafusa and Osato, Ken and Ouchi, Masami and Shibuya, Takatoshi and Strauss, Michael A. and Sugiyama, Naoshi and Suto, Yasushi and Takada, Masahiro and Takagi, Yuhei and Takata, Tadafumi and Takita, Satoshi and Tanaka, Masayuki and Terai, Tsuyoshi and Toba, Yoshiki and Uchiyama, Hisakazu and Utsumi, Yousuke and Wang, Shiang Yu and Wang, Wenting and Yamada, Yoshihiko},
    number = {6},
    month = {8},
    pages = {1--25},
    volume = {71},
    publisher = {Oxford University Press},
    url = {https://arxiv.org/abs/2108.13045v1},
    doi = {10.1093/pasj/psz103},
    issn = {2053051X},
    arxivId = {2108.13045},
    keywords = {Astronomical databases: miscellaneous, Cosmology: observations, Galaxies: general, Surveys}
}

@inproceedings{denker_91,
    title = {{Transforming Neural-Net Output Levels to Probability Distributions}},
    year = {1991},
    booktitle = {Advances in Neural Information Processing Systems},
    author = {Denker, John S and Lecun, Yann},
    editor = {Lippmann, R. P. and Moody, J. and Touretzky, D.},
    volume = {3},
    publisher = {Morgan-Kaufmann},
    url = {https://proceedings.neurips.cc/paper/1990/file/7eacb532570ff6858afd2723755ff790-Paper.pdf}
}

@article{vgg,
    title = {{Very Deep Convolutional Networks for Large-Scale Image Recognition}},
    year = {2014},
    journal = {3rd International Conference on Learning Representations, ICLR 2015 - Conference Track Proceedings},
    author = {Simonyan, Karen and Zisserman, Andrew},
    month = {9},
    publisher = {International Conference on Learning Representations, ICLR},
    url = {https://arxiv.org/abs/1409.1556v6},
    arxivId = {1409.1556},
    keywords = {()}
}

@article{tanaka_22,
    title = {{Where’s Swimmy?: Mining unique color features buried in galaxies by deep anomaly detection using Subaru Hyper Suprime-Cam data}},
    year = {2022},
    journal = {Publications of the Astronomical Society of Japan},
    author = {Tanaka, Takumi S and Shimakawa, Rhythm and Shimasaku, Kazuhiro and Toba, Yoshiki and Kashikawa, Nobunari and Tanaka, Masayuki and Inoue, Akio K},
    number = {1},
    month = {2},
    pages = {1--23},
    volume = {74},
    doi = {10.1093/pasj/psab105},
    issn = {0004-6264}
}

@article{ngrst,
    title = {{Wide-Field InfraRed Survey Telescope-Astrophysics Focused Telescope Assets WFIRST-AFTA Final Report}},
    year = {2013},
    author = {Spergel, D. and Gehrels, N. and Breckinridge, J. and Donahue, M. and Dressler, A. and Gaudi, B. S. and Greene, T. and Guyon, O. and Hirata, C. and Kalirai, J. and Kasdin, N. J. and Moos, W. and Perlmutter, S. and Postman, M. and Rauscher, B. and Rhodes, J. and Wang, Y. and Weinberg, D. and Centrella, J. and Traub, W. and Baltay, C. and Colbert, J. and Bennett, D. and Kiessling, A. and Macintosh, B. and Merten, J. and Mortonson, M. and Penny, M. and Rozo, E. and Savransky, D. and Stapelfeldt, K. and Zu, Y. and Baker, C. and Cheng, E. and Content, D. and Dooley, J. and Foote, M. and Goullioud, R. and Grady, K. and Jackson, C. and Kruk, J. and Levine, M. and Melton, M. and Peddie, C. and Ruffa, J. and Shaklan, S.},
    month = {5},
    url = {http://arxiv.org/abs/1305.5422},
    arxivId = {1305.5422}
}

@article{pozzetti_10,
    title = {{zCOSMOS – 10k-bright spectroscopic sample}},
    year = {2010},
    journal = {Astronomy {\&} Astrophysics},
    author = {Pozzetti, L. and Bolzonella, M. and Zucca, E. and Zamorani, G. and Lilly, S. and Renzini, A. and Moresco, M. and Mignoli, M. and Cassata, P. and Tasca, L. and Lamareille, F. and Maier, C. and Meneux, B. and Halliday, C. and Oesch, P. and Vergani, D. and Caputi, K. and Kova{\v{c}}, K. and Cimatti, A. and Cucciati, O. and Iovino, A. and Peng, Y. and Carollo, M. and Contini, T. and Kneib, J.-P. and Le F{\'{e}}vre, O. and Mainieri, V. and Scodeggio, M. and Bardelli, S. and Bongiorno, A. and Coppa, G. and de la Torre, S. and de Ravel, L. and Franzetti, P. and Garilli, B. and Kampczyk, P. and Knobel, C. and Le Borgne, J.-F. and Le Brun, V. and Pell{\`{o}}, R. and Perez Montero, E. and Ricciardelli, E. and Silverman, J. D. and Tanaka, M. and Tresse, L. and Abbas, U. and Bottini, D. and Cappi, A. and Guzzo, L. and Koekemoer, A. M. and Leauthaud, A. and Maccagni, D. and Marinoni, C. and McCracken, H. J. and Memeo, P. and Porciani, C. and Scaramella, R. and Scarlata, C. and Scoville, N.},
    month = {11},
    pages = {A13},
    volume = {523},
    url = {http://www.aanda.org/10.1051/0004-6361/200913020},
    doi = {10.1051/0004-6361/200913020},
    issn = {0004-6361}
}

@article{vanderWel20143D-HST+CANDELS:3,
    title = {{3D-HST+CANDELS: THE EVOLUTION OF THE GALAXY SIZE-MASS DISTRIBUTION SINCE z = 3}},
    year = {2014},
    journal = {The Astrophysical Journal},
    author = {van der Wel, A. and Franx, M. and van Dokkum, P. G. and Skelton, R. E. and Momcheva, I. G. and Whitaker, K. E. and Brammer, G. B. and Bell, E. F. and Rix, H.-W. and Wuyts, S. and Ferguson, H. C. and Holden, B. P. and Barro, G. and Koekemoer, A. M. and Chang, Yu-Yen and McGrath, E. J. and H{\"{a}}ussler, B. and Dekel, A. and Behroozi, P. and Fumagalli, M. and Leja, J. and Lundgren, B. F. and Maseda, M. V. and Nelson, E. J. and Wake, D. A. and Patel, S. G. and Labb{\'{e}}, I. and Faber, S. M. and Grogin, N. A. and Kocevski, D. D.},
    number = {1},
    month = {5},
    pages = {28},
    volume = {788},
    url = {https://iopscience.iop.org/article/10.1088/0004-637X/788/1/28},
    doi = {10.1088/0004-637X/788/1/28},
    issn = {0004-637X}
}

@article{Cranmer2021ASystems,
    title = {{A Bayesian neural network predicts the dissolution of compact planetary systems}},
    year = {2021},
    journal = {Proceedings of the National Academy of Sciences of the United States of America},
    author = {Cranmer, Miles and Tamayo, Daniel and Rein, Hanno and Battaglia, Peter and Hadden, Samuel and Armitage, Philip J. and Ho, Shirley and Spergel, David N.},
    number = {40},
    month = {10},
    pages = {2026053118},
    volume = {118},
    publisher = {National Academy of Sciences},
    url = {https://www.pnas.org/content/118/40/e2026053118 https://www.pnas.org/content/118/40/e2026053118.abstract},
    doi = {10.1073/pnas.2026053118},
    issn = {10916490},
    pmid = {34599094},
    arxivId = {2101.04117},
    keywords = {Bayesian analysis, Chaos, Deep learning, Planetary dynamics}
}

@article{Huertas-Company2015ALEARNING,
    title = {{A CATALOG OF VISUAL-LIKE MORPHOLOGIES IN THE 5 CANDELS FIELDS USING DEEP LEARNING}},
    year = {2015},
    journal = {The Astrophysical Journal Supplement Series},
    author = {Huertas-Company, M. and Gravet, R. and Cabrera-Vives, G. and P{\'{e}}rez-Gonz{\'{a}}lez, P. G. and Kartaltepe, J. S. and Barro, G. and Bernardi, M. and Mei, S. and Shankar, F. and Dimauro, P. and Bell, E. F. and Kocevski, D. and Koo, D. C. and Faber, S. M. and Mcintosh, D. H.},
    number = {1},
    month = {10},
    pages = {8},
    volume = {221},
    url = {https://iopscience.iop.org/article/10.1088/0067-0049/221/1/8},
    doi = {10.1088/0067-0049/221/1/8},
    issn = {1538-4365}
}

@article{Sharma2020ApplicationClassification,
    title = {{Application of convolutional neural networks for stellar spectral classification}},
    year = {2020},
    journal = {Monthly Notices of the Royal Astronomical Society},
    author = {Sharma, Kaushal and Kembhavi, Ajit and Kembhavi, Aniruddha and Sivarani, T. and Abraham, Sheelu and vaghmare, Kaustubh},
    number = {2},
    month = {1},
    pages = {2280--2300},
    volume = {491},
    publisher = {Oxford Academic},
    url = {https://academic.oup.com/mnras/article/491/2/2280/5613963},
    doi = {10.1093/MNRAS/STZ3100},
    issn = {0035-8711},
    arxivId = {1909.05459},
    keywords = {Catalogues, Methods: data analysis, Stars: general, Techniques: spectroscopic}
}

@inproceedings{Wilson2020BayesianGeneralization,
    title = {{Bayesian deep learning and a probabilistic perspective of generalization}},
    year = {2020},
    booktitle = {Advances in Neural Information Processing Systems},
    author = {Wilson, Andrew Gordon and Izmailov, Pavel},
    month = {2},
    volume = {2020-Decem},
    publisher = {Neural information processing systems foundation},
    url = {https://arxiv.org/abs/2002.08791v3},
    issn = {10495258},
    arxivId = {2002.08791}
}

@article{Dimauro2022CoincidenceGrowth,
    title = {{Coincidence between morphology and star-formation activity through cosmic time: The impact of the bulge growth}},
    year = {2022},
    journal = {Monthly Notices of the Royal Astronomical Society},
    author = {Dimauro, Paola and Daddi, Emanuele and Shankar, Francesco and Cattaneo, Andrea and Huertas-Company, Marc and Bernardi, Mariangela and Caro, Fernando and Dupke, Renato and H{\"{a}}u{\ss}ler, Boris and Johnston, Johnston and Evelyn, Evelyn and Cortesi, Arianna and Mei, Simona and Peletier, Reynier},
    url = {https://academic.oup.com/mnras/advance-article/doi/10.1093/mnras/stac884/6563709},
    doi = {10.1093/MNRAS/STAC884}
}

@article{Tuccillo2018DeepFitting,
    title = {{Deep learning for galaxy surface brightness profile fitting}},
    year = {2018},
    journal = {Monthly Notices of the Royal Astronomical Society},
    author = {Tuccillo, D and Huertas-Company, M and Decenci{\`{e}}re, E and Velasco-Forero, S and Dom{\'{i}}nguez S{\'{a}}nchez, H and Dimauro, P},
    number = {1},
    month = {3},
    pages = {894--909},
    volume = {475},
    url = {http://academic.oup.com/mnras/article/475/1/894/4725057},
    doi = {10.1093/mnras/stx3186},
    issn = {0035-8711}
}

@article{Srivastava2014Dropout:Overfitting,
    title = {{Dropout: A simple way to prevent neural networks from overfitting}},
    year = {2014},
    journal = {Journal of Machine Learning Research},
    author = {Srivastava, Nitish and Hinton, Geoffrey and Krizhevsky, Alex and Sutskever, Ilya and Salakhutdinov, Ruslan},
    pages = {1929--1958},
    volume = {15},
    doi = {10.5555/2627435},
    issn = {15337928},
    keywords = {Deep learning, Model combination, Neural networks, Regularization}
}

@article{Bender1992DynamicallyProperties,
    title = {{Dynamically hot galaxies. I - Structural properties}},
    year = {1992},
    journal = {The Astrophysical Journal},
    author = {Bender, Ralf and Burstein, David and Faber, S. M.},
    month = {11},
    pages = {462},
    volume = {399},
    url = {http://adsabs.harvard.edu/doi/10.1086/171940},
    doi = {10.1086/171940},
    issn = {0004-637X}
}

@article{Hezaveh2017FastNetworks,
    title = {{Fast automated analysis of strong gravitational lenses with convolutional neural networks}},
    year = {2017},
    journal = {Nature},
    author = {Hezaveh, Yashar D. and Levasseur, Laurence Perreault and Marshall, Philip J.},
    number = {7669},
    month = {8},
    pages = {555--557},
    volume = {548},
    url = {http://www.nature.com/articles/nature23463},
    doi = {10.1038/nature23463},
    issn = {0028-0836}
}

@article{Cheng2021GalaxyNetworks,
    title = {{Galaxy morphological classification catalogue of the Dark Energy Survey Year 3 data with convolutional neural networks}},
    year = {2021},
    journal = {Monthly Notices of the Royal Astronomical Society},
    author = {Cheng, Ting-Yun and Conselice, Christopher J and Arag{\'{o}}n-Salamanca, Alfonso and Aguena, M and Allam, S and Andrade-Oliveira, F and Annis, J and Bluck, A F L and Brooks, D and Burke, D L and Carrasco Kind, M and Carretero, J and Choi, A and Costanzi, M and da Costa, L N and Pereira, M E S and De Vicente, J and Diehl, H T and Drlica-Wagner, A and Eckert, K and Everett, S and Evrard, A E and Ferrero, I and Fosalba, P and Frieman, J and Garc{\'{i}}a-Bellido, J and Gerdes, D W and Giannantonio, T and Gruen, D and Gruendl, R A and Gschwend, J and Gutierrez, G and Hinton, S R and Hollowood, D L and Honscheid, K and James, D J and Krause, E and Kuehn, K and Kuropatkin, N and Lahav, O and Maia, M A G and March, M and Menanteau, F and Miquel, R and Morgan, R and Paz-Chinch{\'{o}}n, F and Pieres, A and Plazas Malag{\'{o}}n, A A and Roodman, A and Sanchez, E and Scarpine, V and Serrano, S and Sevilla-Noarbe, I and Smith, M and Soares-Santos, M and Suchyta, E and Swanson, M E C and Tarle, G and Thomas, D and To, C},
    number = {3},
    month = {9},
    pages = {4425--4444},
    volume = {507},
    url = {https://academic.oup.com/mnras/article/507/3/4425/6327560},
    doi = {10.1093/mnras/stab2142},
    issn = {0035-8711}
}

@article{Ghosh2020GalaxyGalaxies,
    title = {{Galaxy Morphology Network: A Convolutional Neural Network Used to Study Morphology and Quenching in ∼100,000 SDSS and ∼20,000 CANDELS Galaxies}},
    year = {2020},
    journal = {The Astrophysical Journal},
    author = {Ghosh, Aritra and Urry, C. Megan and Wang, Zhengdong and Schawinski, Kevin and Turp, Dennis and Powell, Meredith C.},
    number = {2},
    month = {6},
    pages = {112},
    volume = {895},
    url = {https://iopscience.iop.org/article/10.3847/1538-4357/ab8a47},
    doi = {10.3847/1538-4357/ab8a47},
    issn = {1538-4357}
}

@article{Walmsley2020GalaxyLearning,
    title = {{Galaxy Zoo: probabilistic morphology through Bayesian CNNs and active learning}},
    year = {2020},
    journal = {Monthly Notices of the Royal Astronomical Society},
    author = {Walmsley, Mike and Smith, Lewis and Lintott, Chris and Gal, Yarin and Bamford, Steven and Dickinson, Hugh and Fortson, Lucy and Kruk, Sandor and Masters, Karen and Scarlata, Claudia and Simmons, Brooke and Smethurst, Rebecca and Wright, Darryl},
    number = {2},
    month = {1},
    pages = {1554--1574},
    volume = {491},
    url = {https://academic.oup.com/mnras/article/491/2/1554/5583078},
    doi = {10.1093/mnras/stz2816},
    issn = {0035-8711}
}

@article{Rowe2015GalSim:Toolkit,
    title = {{GalSim: The modular galaxy image simulation toolkit}},
    year = {2015},
    journal = {Astronomy and Computing},
    author = {Rowe, B. T.P. and Jarvis, M. and Mandelbaum, R. and Bernstein, G. M. and Bosch, J. and Simet, M. and Meyers, J. E. and Kacprzak, T. and Nakajima, R. and Zuntz, J. and Miyatake, H. and Dietrich, J. P. and Armstrong, R. and Melchior, P. and Gill, M. S.S.},
    month = {4},
    pages = {121--150},
    volume = {10},
    publisher = {Elsevier},
    url = {https://ui.adsabs.harvard.edu/abs/2015A&C....10..121R/abstract},
    doi = {10.1016/j.ascom.2015.02.002},
    issn = {22131337},
    arxivId = {1407.7676},
    keywords = {Cosmology: observations, Gravitational lensing, Methods: data analysis, Techniques: image processing}
}

@article{Wagner-Carena2021HierarchicalLensing,
    title = {{Hierarchical Inference with Bayesian Neural Networks: An Application to Strong Gravitational Lensing}},
    year = {2021},
    journal = {The Astrophysical Journal},
    author = {Wagner-Carena, Sebastian and Park, Ji Won and Birrer, Simon and Marshall, Philip J. and Roodman, Aaron and Wechsler, Risa H.},
    number = {2},
    month = {3},
    pages = {187},
    volume = {909},
    publisher = {IOP Publishing},
    url = {https://iopscience.iop.org/article/10.3847/1538-4357/abdf59 https://iopscience.iop.org/article/10.3847/1538-4357/abdf59/meta},
    doi = {10.3847/1538-4357/abdf59},
    issn = {0004-637X},
    arxivId = {2010.13787},
    keywords = {Computational methods, Convolutional neural networks, Cosmology, Hierarchical models, Strong gravitational lensing}
}

@article{Shallue2018IdentifyingKepler-90,
    title = {{Identifying Exoplanets with Deep Learning: A Five-planet Resonant Chain around Kepler-80 and an Eighth Planet around Kepler-90}},
    year = {2018},
    journal = {The Astronomical Journal},
    author = {Shallue, Christopher J. and Vanderburg, Andrew},
    number = {2},
    month = {1},
    pages = {94},
    volume = {155},
    publisher = {American Astronomical Society},
    url = {https://ui.adsabs.harvard.edu/abs/2018AJ....155...94S/abstract},
    doi = {10.3847/1538-3881/aa9e09},
    issn = {00046256},
    arxivId = {1712.05044},
    keywords = {Astrophysics, Earth and Planetary Astrophysics, Instrumentation and Methods for Astrophysics, methods: data analysis, planets and satellites: detection, techniques: photometric}
}

@article{Tarsitano2022ImageLearning,
    title = {{Image feature extraction and galaxy classification: a novel and efficient approach with automated machine learning}},
    year = {2022},
    journal = {Monthly Notices of the Royal Astronomical Society},
    author = {Tarsitano, F and Bruderer, C and Schawinski, K and Hartley, W G},
    number = {3},
    month = {2},
    pages = {3330--3338},
    volume = {511},
    doi = {10.1093/mnras/stac233},
    issn = {0035-8711}
}

@article{Pawlowski2017ImplicitNetworks,
    title = {{Implicit Weight Uncertainty in Neural Networks}},
    year = {2017},
    journal = {arXiv preprint arXiv:1711.01297},
    author = {Pawlowski, Nick and Brock, Andrew and Lee, Matthew C. H. and Rajchl, Martin and Glocker, Ben},
    month = {11},
    url = {https://arxiv.org/abs/1711.01297v2 http://arxiv.org/abs/1711.01297},
    issn = {2331-8422},
    arxivId = {1711.01297}
}

@article{Jordan1999IntroductionModels,
    title = {{Introduction to variational methods for graphical models}},
    year = {1999},
    journal = {Machine Learning},
    author = {Jordan, Michael I. and Ghahramani, Zoubin and Jaakkola, Tommi S. and Saul, Lawrence K.},
    number = {2},
    month = {11},
    pages = {183--233},
    volume = {37},
    publisher = {Springer},
    url = {https://link.springer.com/article/10.1023/A:1007665907178},
    doi = {10.1023/A:1007665907178},
    issn = {08856125},
    keywords = {Artificial Intelligence, Control, Mechatronics, Natural Language Processing (NLP), Robotics, Simulation and Modeling, mean field methods, neural networks, probabilistic inference, variational methods}
}

@article{Huertas-Company2016MassCANDELS,
    title = {{Mass assembly and morphological transformations since z ∼ 3 from CANDELS}},
    year = {2016},
    journal = {Monthly Notices of the Royal Astronomical Society},
    author = {Huertas-Company, M. and Bernardi, M. and P{\'{e}}rez-Gonz{\'{a}}lez, P. G. and Ashby, M. L. N. and Barro, G. and Conselice, C. and Daddi, E. and Dekel, A. and Dimauro, P. and Faber, S. M. and Grogin, N. A. and Kartaltepe, J. S. and Kocevski, D. D. and Koekemoer, A. M. and Koo, D. C. and Mei, S. and Shankar, F.},
    number = {4},
    month = {11},
    pages = {4495--4516},
    volume = {462},
    url = {https://academic.oup.com/mnras/article-lookup/doi/10.1093/mnras/stw1866},
    doi = {10.1093/mnras/stw1866},
    issn = {0035-8711}
}

@article{Hausen2020MorpheusData,
    title = {{Morpheus : A Deep Learning Framework for the Pixel-level Analysis of Astronomical Image Data}},
    year = {2020},
    journal = {The Astrophysical Journal Supplement Series},
    author = {Hausen, Ryan and Robertson, Brant E.},
    number = {1},
    month = {5},
    pages = {20},
    volume = {248},
    url = {https://iopscience.iop.org/article/10.3847/1538-4365/ab8868},
    doi = {10.3847/1538-4365/ab8868},
    issn = {1538-4365}
}

@article{Vega-Ferrero2021PushingSurvey,
    title = {{Pushing automated morphological classifications to their limits with the Dark Energy Survey}},
    year = {2021},
    journal = {Monthly Notices of the Royal Astronomical Society},
    author = {Vega-Ferrero, J and Dom{\'{i}}nguez S{\'{a}}nchez, H and Bernardi, M and Huertas-Company, M and Morgan, R and Margalef, B and Aguena, M and Allam, S and Annis, J and Avila, S and Bacon, D and Bertin, E and Brooks, D and Carnero Rosell, A and Carrasco Kind, M and Carretero, J and Choi, A and Conselice, C and Costanzi, M and da Costa, L N and Pereira, M E S and De Vicente, J and Desai, S and Ferrero, I and Fosalba, P and Frieman, J and Garc{\'{i}}a-Bellido, J and Gruen, D and Gruendl, R A and Gschwend, J and Gutierrez, G and Hartley, W G and Hinton, S R and Hollowood, D L and Honscheid, K and Hoyle, B and Jarvis, M and Kim, A G and Kuehn, K and Kuropatkin, N and Lima, M and Maia, M A G and Menanteau, F and Miquel, R and Ogando, R L C and Palmese, A and Paz-Chinch{\'{o}}n, F and Plazas, A A and Romer, A K and Sanchez, E and Scarpine, V and Schubnell, M and Serrano, S and Sevilla-Noarbe, I and Smith, M and Suchyta, E and Swanson, M E C and Tarle, G and Tarsitano, F and To, C and Tucker, D L and Varga, T N and Wilkinson, R D},
    number = {2},
    month = {7},
    pages = {1927--1943},
    volume = {506},
    url = {https://academic.oup.com/mnras/article/506/2/1927/6156625},
    doi = {10.1093/mnras/stab594},
    issn = {0035-8711}
}

@article{Natarajan2021QuasarNet:Holes,
    title = {{QuasarNet: A new research platform for the data-driven investigation of black holes}},
    year = {2021},
    journal = {arXiv preprint arXiv:2103.13932},
    author = {Natarajan, Priyamvada and Tang, Kwok Sun and Khochfar, Sadegh and Nord, Brian and Sigurdsson, Steinn and Tricot, Joe and Cappelluti, Nico and George, Daniel and Hidary, Jack},
    month = {3},
    url = {https://arxiv.org/abs/2103.13932v1},
    isbn = {2103.13932v1},
    doi = {10.48550/arxiv.2103.13932},
    arxivId = {2103.13932},
    keywords = {BigData, Black Hole, Cosmological Simulations, Database, High Redshift Quasars, Machine Learning}
}

@article{Dieleman2015Rotation-invariantPrediction,
    title = {{Rotation-invariant convolutional neural networks for galaxy morphology prediction}},
    year = {2015},
    journal = {Monthly Notices of the Royal Astronomical Society},
    author = {Dieleman, Sander and Willett, Kyle W. and Dambre, Joni},
    number = {2},
    month = {6},
    pages = {1441--1459},
    volume = {450},
    url = {http://academic.oup.com/mnras/article/450/2/1441/979677/Rotationinvariant-convolutional-neural-networks},
    doi = {10.1093/mnras/stv632},
    issn = {1365-2966}
}

@article{Shimakawa2021Subaru0.30.6,
    title = {{Subaru Hyper Suprime-Cam revisits the large-scale environmental dependence on galaxy morphology over 360 deg2 at z = 0.3–0.6}},
    year = {2021},
    journal = {Publications of the Astronomical Society of Japan},
    author = {Shimakawa, Rhythm and Tanaka, Takumi S. and Toshikage, Seiji and Tanaka, Masayuki},
    number = {6},
    month = {12},
    pages = {1575--1588},
    volume = {73},
    publisher = {Oxford Academic},
    url = {https://academic.oup.com/pasj/article/73/6/1575/6406719},
    doi = {10.1093/PASJ/PSAB097},
    issn = {0004-6264},
    arxivId = {2109.11131},
    keywords = {Galaxies: clusters: general, Galaxies: evolution, Galaxies: general, Galaxies: statistics, statistics}
}

@article{Schawinski2014TheGalaxies,
    title = {{The green valley is a red herring: Galaxy Zoo reveals two evolutionary pathways towards quenching of star formation in early- and late-type galaxies★}},
    year = {2014},
    journal = {Monthly Notices of the Royal Astronomical Society},
    author = {Schawinski, Kevin and Urry, C. Megan and Simmons, Brooke D. and Fortson, Lucy and Kaviraj, Sugata and Keel, William C. and Lintott, Chris J. and Masters, Karen L. and Nichol, Robert C. and Sarzi, Marc and Skibba, Ramin and Treister, Ezequiel and Willett, Kyle W. and Wong, O. Ivy and Yi, Sukyoung K.},
    number = {1},
    month = {5},
    pages = {889--907},
    volume = {440},
    url = {http://academic.oup.com/mnras/article/440/1/889/1749989/The-green-valley-is-a-red-herring-Galaxy-Zoo},
    doi = {10.1093/mnras/stu327},
    issn = {1365-2966}
}

@article{Bernardi2013TheProfile,
    title = {{The massive end of the luminosity and stellar mass functions: dependence on the fit to the light profile}},
    year = {2013},
    journal = {Monthly Notices of the Royal Astronomical Society},
    author = {Bernardi, M. and Meert, A. and Sheth, R. K. and Vikram, V. and Huertas-Company, M. and Mei, S. and Shankar, F.},
    number = {1},
    month = {11},
    pages = {697--704},
    volume = {436},
    url = {https://academic.oup.com/mnras/article-lookup/doi/10.1093/mnras/stt1607},
    doi = {10.1093/mnras/stt1607},
    issn = {0035-8711}
}

@article{Tremaine2002TheCorrelation,
    title = {{The Slope of the Black Hole Mass versus Velocity Dispersion Correlation}},
    year = {2002},
    journal = {The Astrophysical Journal},
    author = {Tremaine, Scott and Gebhardt, Karl and Bender, Ralf and Bower, Gary and Dressler, Alan and Faber, S. M. and Filippenko, Alexei V. and Green, Richard and Grillmair, Carl and Ho, Luis C. and Kormendy, John and Lauer, Tod R. and Magorrian, John and Pinkney, Jason and Richstone, Douglas},
    number = {2},
    month = {8},
    pages = {740--753},
    volume = {574},
    url = {https://iopscience.iop.org/article/10.1086/341002},
    doi = {10.1086/341002},
    issn = {0004-637X}
}

@article{PerreaultLevasseur2017UncertaintiesLensing,
    title = {{Uncertainties in Parameters Estimated with Neural Networks: Application to Strong Gravitational Lensing}},
    year = {2017},
    journal = {The Astrophysical Journal},
    author = {Perreault Levasseur, Laurence and Hezaveh, Yashar D. and Wechsler, Risa H.},
    number = {1},
    month = {11},
    pages = {L7},
    volume = {850},
    url = {https://iopscience.iop.org/article/10.3847/2041-8213/aa9704},
    doi = {10.3847/2041-8213/aa9704},
    issn = {2041-8213}
}

@article{Kendall2017WhatVision,
    title = {{What Uncertainties Do We Need in Bayesian Deep Learning for Computer Vision?}},
    year = {2017},
    journal = {Advances in Neural Information Processing Systems},
    author = {Kendall, Alex and Gal, Yarin},
    month = {3},
    pages = {5575--5585},
    volume = {2017-Decem},
    publisher = {Neural information processing systems foundation},
    url = {https://arxiv.org/abs/1703.04977v2},
    isbn = {1703.04977v2},
    issn = {10495258},
    arxivId = {1703.04977}
}