@article{faber_07,
    title = {{ Galaxy Luminosity Functions to z ∼1 from DEEP2 and COMBO‐17: Implications for Red Galaxy Formation }},
    year = {2007},
    journal = {The Astrophysical Journal},
    author = {Faber, S. M. and Willmer, C. N. A. and Wolf, C. and Koo, D. C. and Weiner, B. J. and Newman, J. A. and Im, M. and Coil, A. L. and Conroy, C. and Cooper, M. C. and Davis, M. and Finkbeiner, D. P. and Gerke, B. F. and Gebhardt, K. and Groth, E. J. and Guhathakurta, P. and Harker, J. and Kaiser, N. and Kassin, S. and Kleinheinrich, M. and Konidaris, N. P. and Kron, R. G. and Lin, L. and Luppino, G. and Madgwick, D. S. and Meisenheimer, K. and Noeske, K. G. and Phillips, A. C. and Sarajedini, V. L. and Schiavon, R. P. and Simard, L. and Szalay, A. S. and Vogt, N. P. and Yan, R.},
    number = {1},
    month = {8},
    pages = {265--294},
    volume = {665},
    publisher = {IOP Publishing},
    url = {http://stacks.iop.org/0004-637X/665/i=1/a=265},
    doi = {10.1086/519294},
    issn = {0004-637X}
}

@article{powell_17,
    title = {{ MORPHOLOGY AND THE COLOR–MASS DIAGRAM AS CLUES TO GALAXY EVOLUTION AT z ∼ 1 }},
    year = {2017},
    journal = {The Astrophysical Journal},
    author = {Powell, Meredith C. and Urry, C. Megan and Cardamone, Carolin N. and Simmons, Brooke D. and Schawinski, Kevin and Young, Sydney and Kawakatsu, Mari},
    number = {1},
    month = {1},
    pages = {22},
    volume = {835},
    publisher = {American Astronomical Society},
    url = {https://iopscience.iop.org/article/10.3847/1538-4357/835/1/22},
    doi = {10.3847/1538-4357/835/1/22},
    keywords = {rank5}
}

@article{bell_04,
    title = {{ Nearly 5000 Distant Early‐Type Galaxies in COMBO‐17: A Red Sequence and Its Evolution since z ∼ 1 }},
    year = {2004},
    journal = {The Astrophysical Journal},
    author = {Bell, Eric F. and Wolf, Christian and Meisenheimer, Klaus and Rix, Hans‐Walter and Borch, Andrea and Dye, Simon and Kleinheinrich, Martina and Wisotzki, Lutz and McIntosh, Daniel H.},
    number = {2},
    month = {6},
    pages = {752--767},
    volume = {608},
    publisher = {IOP Publishing},
    url = {http://stacks.iop.org/0004-637X/608/i=2/a=752},
    doi = {10.1086/420778},
    issn = {0004-637X}
}

@article{skelton_14,
    title = {{3D-HST WFC3-selected photometric catalogs in the five candels/3D-HST fields: Photometry, photometric redshifts, and stellar masses}},
    year = {2014},
    journal = {Astrophysical Journal, Supplement Series},
    author = {Skelton, Rosalind E. and Whitaker, Katherine E. and Momcheva, Ivelina G. and Brammer, Gabriel B. and Van Dokkum, Pieter G. and Labb{\'{e}}, Ivo and Franx, Marijn and Van Der Wel, Arjen and Bezanson, Rachel and Da Cunha, Elisabete and Fumagalli, Mattia and F{\"{o}}rster Schreiber, Natascha and Kriek, Mariska and Leja, Joel and Lundgren, Britt F. and Magee, Daniel and Marchesini, Danilo and Maseda, Michael V. and Nelson, Erica J. and Oesch, Pascal and Pacifici, Camilla and Patel, Shannon G. and Price, Sedona and Rix, Hans Walter and Tal, Tomer and Wake, David A. and Wuyts, Stijn},
    number = {2},
    month = {10},
    pages = {24},
    volume = {214},
    publisher = {IOP Publishing},
    url = {http://stacks.iop.org/0067-0049/214/i=2/a=24},
    doi = {10.1088/0067-0049/214/2/24},
    issn = {00670049},
    keywords = {catalogs, galaxies: evolution, galaxies: general, methods: data analysis, techniques: photometric}
}

@article{3dhst,
    title = {{3D-HST: A wide-field grism spectroscopic survey with the hubble space telescope}},
    year = {2012},
    journal = {Astrophysical Journal, Supplement Series},
    author = {Brammer, Gabriel B. and Van Dokkum, Pieter G. and Franx, Marijn and Fumagalli, Mattia and Patel, Shannon and Rix, Hans Walter and Skelton, Rosalind E. and Kriek, Mariska and Nelson, Erica and Schmidt, Kasper B. and Bezanson, Rachel and Da Cunha, Elisabete and Erb, Dawn K. and Fan, Xiaohui and F{\"{o}}rster Schreiber, Natascha and Illingworth, Garth D. and Labb{\'{e}}, Ivo and Leja, Joel and Lundgren, Britt and Magee, Dan and Marchesini, Danilo and McCarthy, Patrick and Momcheva, Ivelina and Muzzin, Adam and Quadri, Ryan and Steidel, Charles C. and Tal, Tomer and Wake, David and Whitaker, Katherine E. and Williams, Anna},
    number = {2},
    month = {6},
    pages = {13},
    volume = {200},
    publisher = {IOP Publishing},
    url = {http://stacks.iop.org/0067-0049/200/i=2/a=13},
    doi = {10.1088/0067-0049/200/2/13},
    issn = {00670049}
}

@article{simard_11,
    title = {{A catalog of bulge+disk decompositions and updated photometry for 1.12 million galaxies in the Sloan digital sky survey}},
    year = {2011},
    journal = {Astrophysical Journal, Supplement Series},
    author = {Simard, Luc and Trevor Mendel, J. and Patton, David R. and Ellison, Sara L. and McConnachie, Alan W.},
    number = {1},
    month = {9},
    pages = {11},
    volume = {196},
    publisher = {IOP Publishing},
    url = {ttp://stacks.iop.org/0067-0049/196/i=1/a=11},
    doi = {10.1088/0067-0049/196/1/11},
    issn = {00670049},
    keywords = {galaxies: evolution, galaxies: fundamental parameters}
}

@article{company_15,
    title = {{A catalog of visual-like morphologies in the 5 candels fields using deep learning}},
    year = {2015},
    journal = {Astrophysical Journal, Supplement Series},
    author = {Huertas-Company, M. and Gravet, R. and Cabrera-Vives, G. and P{\'{e}}rez-Gonz{\'{a}}lez, P. G. and Kartaltepe, J. S. and Barro, G. and Bernardi, M. and Mei, S. and Shankar, F. and Dimauro, P. and Bell, E. F. and Kocevski, D. and Koo, D. C. and Faber, S. M. and McIntosh, D. H.},
    number = {1},
    month = {10},
    pages = {8},
    volume = {221},
    publisher = {IOP Publishing},
    url = {http://stacks.iop.org/0067-0049/221/i=1/a=8},
    doi = {10.1088/0067-0049/221/1/8},
    issn = {00670049},
    keywords = {catalogs, galaxies: high-redshift, galaxies: structure, surveys}
}

@article{Pan2010,
    title = {{A survey on transfer learning}},
    year = {2010},
    journal = {IEEE Transactions on Knowledge and Data Engineering},
    author = {Pan, Sinno Jialin and Yang, Qiang},
    number = {10},
    month = {10},
    pages = {1345--1359},
    volume = {22},
    url = {http://ieeexplore.ieee.org/document/5288526/},
    doi = {10.1109/TKDE.2009.191},
    issn = {10414347},
    keywords = {Transfer learning, data mining., machine learning, survey}
}

@article{fast,
    title = {{An ultra-deep near-infrared spectrum of a compact quiescent galaxy at z = 2.2}},
    year = {2009},
    journal = {Astrophysical Journal},
    author = {Kriek, Mariska and Van Dokkum, Pieter G. and Labb{\'{e}}, Ivo and Franx, Marijn and Illingworth, Garth D. and Marchesini, Danilo and Quadri, Ryan F.},
    number = {1},
    month = {7},
    pages = {221--231},
    volume = {700},
    publisher = {IOP Publishing},
    url = {http://stacks.iop.org/0004-637X/700/i=1/a=221},
    doi = {10.1088/0004-637X/700/1/221},
    issn = {15384357},
    keywords = {Galaxies: evolution, Galaxies: formation, Galaxies: high-redshift}
}

@article{candels_1,
    title = {{Candels: The Cosmic Assembly Near-infrared Deep Extragalactic Legacy Survey}},
    year = {2011},
    journal = {Astrophysical Journal, Supplement Series},
    author = {Grogin, Norman A. and Kocevski, Dale D. and Faber, S. M. and Ferguson, Henry C. and Koekemoer, Anton M. and Riess, Adam G. and Acquaviva, Viviana and Alexander, David M. and Almaini, Omar and Ashby, Matthew L.N. and Barden, Marco and Bell, Eric F. and Bournaud, Frédéric and Brown, Thomas M. and Caputi, Karina I. and Casertano, Stefano and Cassata, Paolo and Castellano, Marco and Challis, Peter and Chary, Ranga Ram and Cheung, Edmond and Cirasuolo, Michele and Conselice, Christopher J. and Cooray, Asantha Roshan and Croton, Darren J. and Daddi, Emanuele and Dahlen, Tomas and Dav{\'{e}}, Romeel and De Mello, Duília F. and Dekel, Avishai and Dickinson, Mark and Dolch, Timothy and Donley, Jennifer L. and Dunlop, James S. and Dutton, Aaron A. and Elbaz, David and Fazio, Giovanni G. and Filippenko, Alexei V. and Finkelstein, Steven L. and Fontana, Adriano and Gardner, Jonathan P. and Garnavich, Peter M. and Gawiser, Eric and Giavalisco, Mauro and Grazian, Andrea and Guo, Yicheng and Hathi, Nimish P. and H{\"{a}}ussler, Boris and Hopkins, Philip F. and Huang, Jia Sheng and Huang, Kuang Han and Jha, Saurabh W. and Kartaltepe, Jeyhan S. and Kirshner, Robert P. and Koo, David C. and Lai, Kamson and Lee, Kyoung Soo and Li, Weidong and Lotz, Jennifer M. and Lucas, Ray A. and Madau, Piero and McCarthy, Patrick J. and McGrath, Elizabeth J. and McIntosh, Daniel H. and McLure, Ross J. and Mobasher, Bahram and Moustakas, Leonidas A. and Mozena, Mark and Nandra, Kirpal and Newman, Jeffrey A. and Niemi, Sami Matias and Noeske, Kai G. and Papovich, Casey J. and Pentericci, Laura and Pope, Alexandra and Primack, Joel R. and Rajan, Abhijith and Ravindranath, Swara and Reddy, Naveen A. and Renzini, Alvio and Rix, Hans Walter and Robaina, Aday R. and Rodney, Steven A. and Rosario, David J. and Rosati, Piero and Salimbeni, Sara and Scarlata, Claudia and Siana, Brian and Simard, Luc and Smidt, Joseph and Somerville, Rachel S. and Spinrad, Hyron and Straughn, Amber N. and Strolger, Louis Gregory and Telford, Olivia and Teplitz, Harry I. and Trump, Jonathan R. and Van Der Wel, Arjen and Villforth, Carolin and Wechsler, Risa H. and Weiner, Benjamin J. and Wiklind, Tommy and Wild, Vivienne and Wilson, Grant and Wuyts, Stijn and Yan, Hao Jing and Yun, Min S.},
    number = {2},
    month = {12},
    pages = {35},
    volume = {197},
    publisher = {IOP Publishing},
    url = {http://stacks.iop.org/0067-0049/197/i=2/a=35},
    doi = {10.1088/0067-0049/197/2/35},
    issn = {00670049},
    keywords = {cosmology: observations, galaxies: high-redshift}
}

@article{candels_2,
    title = {{Candels: The cosmic assembly near-infrared deep extragalactic legacy survey - The hubble space telescope observations, imaging data products, and mosaics}},
    year = {2011},
    journal = {Astrophysical Journal, Supplement Series},
    author = {Koekemoer, Anton M. and Faber, S. M. and Ferguson, Henry C. and Grogin, Norman A. and Kocevski, Dale D. and Koo, David C. and Lai, Kamson and Lotz, Jennifer M. and Lucas, Ray A. and McGrath, Elizabeth J. and Ogaz, Sara and Rajan, Abhijith and Riess, Adam G. and Rodney, Steve A. and Strolger, Louis and Casertano, Stefano and Castellano, Marco and Dahlen, Tomas and Dickinson, Mark and Dolch, Timothy and Fontana, Adriano and Giavalisco, Mauro and Grazian, Andrea and Guo, Yicheng and Hathi, Nimish P. and Huang, Kuang Han and Van Der Wel, Arjen and Yan, Hao Jing and Acquaviva, Viviana and Alexander, David M. and Almaini, Omar and Ashby, Matthew L.N. and Barden, Marco and Bell, Eric F. and Bournaud, Frédéric and Brown, Thomas M. and Caputi, Karina I. and Cassata, Paolo and Challis, Peter J. and Chary, Ranga Ram and Cheung, Edmond and Cirasuolo, Michele and Conselice, Christopher J. and Cooray, Asantha Roshan and Croton, Darren J. and Daddi, Emanuele and Dav{\'{e}}, Romeel and De Mello, Duilia F. and De Ravel, Loic and Dekel, Avishai and Donley, Jennifer L. and Dunlop, James S. and Dutton, Aaron A. and Elbaz, David and Fazio, Giovanni G. and Filippenko, Alexei V. and Finkelstein, Steven L. and Frazer, Chris and Gardner, Jonathan P. and Garnavich, Peter M. and Gawiser, Eric and Gruetzbauch, Ruth and Hartley, Will G. and H{\"{a}}ussler, Boris and Herrington, Jessica and Hopkins, Philip F. and Huang, Jia Sheng and Jha, Saurabh W. and Johnson, Andrew and Kartaltepe, Jeyhan S. and Khostovan, Ali A. and Kirshner, Robert P. and Lani, Caterina and Lee, Kyoung Soo and Li, Weidong and Madau, Piero and McCarthy, Patrick J. and McIntosh, Daniel H. and McLure, Ross J. and McPartland, Conor and Mobasher, Bahram and Moreira, Heidi and Mortlock, Alice and Moustakas, Leonidas A. and Mozena, Mark and Nandra, Kirpal and Newman, Jeffrey A. and Nielsen, Jennifer L. and Niemi, Sami and Noeske, Kai G. and Papovich, Casey J. and Pentericci, Laura and Pope, Alexandra and Primack, Joel R. and Ravindranath, Swara and Reddy, Naveen A. and Renzini, Alvio and Rix, Hans Walter and Robaina, Aday R. and Rosario, David J. and Rosati, Piero and Salimbeni, Sara and Scarlata, Claudia and Siana, Brian and Simard, Luc and Smidt, Joseph and Snyder, Diana and Somerville, Rachel S. and Spinrad, Hyron and Straughn, Amber N. and Telford, Olivia and Teplitz, Harry I. and Trump, Jonathan R. and Vargas, Carlos and Villforth, Carolin and Wagner, Cory R. and Wandro, Pat and Wechsler, Risa H. and Weiner, Benjamin J. and Wiklind, Tommy and Wild, Vivienne and Wilson, Grant and Wuyts, Stijn and Yun, Min S.},
    number = {2},
    month = {12},
    pages = {36},
    volume = {197},
    publisher = {IOP Publishing},
    url = {http://stacks.iop.org/0067-0049/197/i=2/a=36},
    doi = {10.1088/0067-0049/197/2/36},
    issn = {00670049},
    keywords = {cosmology: observations, galaxies: high-redshift}
}

@article{strateva_01,
    title = {{Color Separation of Galaxy Types in the Sloan Digital Sky Survey Imaging Data}},
    year = {2001},
    journal = {The Astronomical Journal},
    author = {Strateva, Iskra and Ivezi{\'{c}}, Zeljko and Knapp, Gillian R. and Narayanan, Vijay K. and Strauss, Michael A. and Gunn, James E. and Lupton, Robert H. and Schlegel, David and Bahcall, Neta A. and Brinkmann, Jon and Brunner, Robert J. and Budav{\'{a}}ri, Tamás and Csabai, István and Castander, Francisco Javier and Doi, Mamoru and Fukugita, Masataka and Gy{\H{o}}ry, Zsuzsanna and Hamabe, Masaru and Hennessy, Greg and Ichikawa, Takashi and Kunszt, Peter Z. and Lamb, Don Q. and McKay, Timothy A. and Okamura, Sadanori and Racusin, Judith and Sekiguchi, Maki and Schneider, Donald P. and Shimasaku, Kazuhiro and York, Donald},
    number = {4},
    month = {10},
    pages = {1861--1874},
    volume = {122},
    publisher = {IOP Publishing},
    url = {http://stacks.iop.org/1538-3881/122/i=4/a=1861},
    doi = {10.1086/323301},
    issn = {00046256}
}

@article{whitaker_14,
    title = {{Constraining the low-mass slope of the star formation sequence at 0.5 < z < 2.5}},
    year = {2014},
    journal = {Astrophysical Journal},
    author = {Whitaker, Katherine E. and Franx, Marijn and Leja, Joel and Van Dokkum, Pieter G. and Henry, Alaina and Skelton, Rosalind E. and Fumagalli, Mattia and Momcheva, Ivelina G. and Brammer, Gabriel B. and Labb{\'{e}}, Ivo and Nelson, Erica J. and Rigby, Jane R.},
    number = {2},
    month = {10},
    pages = {104},
    volume = {795},
    publisher = {IOP Publishing},
    url = {http://stacks.iop.org/0004-637X/795/i=2/a=104},
    doi = {10.1088/0004-637X/795/2/104},
    issn = {15384357},
    keywords = {galaxies: evolution, galaxies: formation, galaxies: high-redshift}
}

@article{dl_1,
    title = {{Deep learning}},
    year = {2015},
    journal = {Nature},
    author = {Lecun, Yann and Bengio, Yoshua and Hinton, Geoffrey},
    number = {7553},
    month = {5},
    pages = {436--444},
    volume = {521},
    publisher = {Nature Publishing Group},
    url = {http://www.nature.com/articles/nature14539},
    doi = {10.1038/nature14539},
    issn = {14764687},
    keywords = {Computer science, Mathematics and computing}
}

@article{tuccillo_18,
    title = {{Deep learning for galaxy surface brightness profile fitting}},
    year = {2018},
    journal = {Monthly Notices of the Royal Astronomical Society},
    author = {Tuccillo, D. and Huertas-Company, M. and Decenci{\`{e}}re, E. and Velasco-Forero, S. and Dom{\'{i}}nguez S{\'{a}}nchez, H. and Dimauro, P.},
    number = {1},
    month = {3},
    pages = {894--909},
    volume = {475},
    publisher = {Oxford University Press},
    url = {http://academic.oup.com/mnras/article/475/1/894/4725057},
    doi = {10.1093/mnras/stx3186},
    issn = {13652966},
    keywords = {Catalogues, Galaxies: general, Galaxies: high-redshift, Galaxies: structure, Methods: data analysis}
}

@article{dl_2,
    title = {{Deep Learning in neural networks: An overview}},
    year = {2015},
    journal = {Neural Networks},
    author = {Schmidhuber, Jürgen},
    month = {4},
    pages = {85--117},
    volume = {61},
    url = {http://dx.doi.org/10.1016/j.neunet.2014.09.003},
    isbn = {0893-6080},
    doi = {10.1016/j.neunet.2014.09.003},
    issn = {18792782},
    pmid = {25462637},
    arxivId = {arXiv:1404.7828},
    keywords = {Deep learning, Evolutionary computation, Reinforcement learning, Supervised learning, Unsupervised learning}
}

@article{galfit,
    title = {{Detailed Structural Decomposition of Galaxy Images}},
    year = {2002},
    journal = {The Astronomical Journal},
    author = {Peng, Chien Y. and Ho, Luis C. and Impey, Chris D. and Rix, Hans-Walter},
    number = {1},
    month = {7},
    pages = {266--293},
    volume = {124},
    publisher = {IOP Publishing},
    url = {http://stacks.iop.org/1538-3881/124/i=1/a=266},
    doi = {10.1086/340952},
    issn = {00046256}
}

@article{ml_bars,
    title = {{Detection of bars in galaxies using a deep convolutional neural network}},
    year = {2018},
    journal = {Monthly Notices of the Royal Astronomical Society},
    author = {Abraham, Sheelu and Aniyan, A. K. and Kembhavi, Ajit K. and Philip, N. S. and Vaghmare, Kaustubh},
    number = {1},
    month = {6},
    pages = {894--903},
    volume = {477},
    publisher = {Oxford University Press},
    url = {https://academic.oup.com/mnras/article/477/1/894/4925012},
    doi = {10.1093/mnras/sty627},
    issn = {13652966},
    keywords = {Catalogues, Galaxies: General, Methods: Data analysis, Techniques: Image processing}
}

@article{williams_09,
    title = {{Detection of quiescent galaxies in a bicolor sequence from Z = 0-2}},
    year = {2009},
    journal = {Astrophysical Journal},
    author = {Williams, Rik J. and Quadri, Ryan F. and Franx, Marijn and Van Dokkum, Pieter and Labb{\'{e}}, Ivo},
    number = {2},
    month = {2},
    pages = {1879--1895},
    volume = {691},
    publisher = {IOP Publishing},
    url = {http://stacks.iop.org/0004-637X/691/i=2/a=1879},
    doi = {10.1088/0004-637X/691/2/1879},
    issn = {15384357},
    keywords = {cosmology: observations, galaxies: evolution, galaxies: high-redshift, infrared: galaxies}
}

@article{cardamone_10,
    title = {{Dust-corrected colors reveal bimodality in the host-galaxy colors of active galactic nuclei at z ∼ 1}},
    year = {2010},
    journal = {Astrophysical Journal Letters},
    author = {Cardamone, Carolin N. and Megan Urry, C. and Schawinski, Kevin and Treister, Ezequiel and Brammer, Gabriel and Gawiser, Eric},
    number = {1 PART 2},
    month = {9},
    pages = {L38-L42},
    volume = {721},
    publisher = {IOP Publishing},
    url = {http://stacks.iop.org/2041-8205/721/i=1/a=L38},
    doi = {10.1088/2041-8205/721/1/L38},
    issn = {20418213},
    keywords = {Galaxies: active, Galaxies: high-redshift, X-rays: galaxies}
}

@book{binney_and_merrifield,
    title = {{Galactic astronomy}},
    year = {1998},
    author = {Binney, James and Merrifield, Michael},
    pages = {796},
    publisher = {Princeton University Press},
    url = {https://press.princeton.edu/titles/6358.html},
    isbn = {9780691025650}
}

@article{galapagos,
    title = {{galapagos: From pixels to parameters}},
    year = {2012},
    journal = {Monthly Notices of the Royal Astronomical Society},
    author = {Barden, Marco and H{\"{a}}u{\ss}ler, Boris and Peng, Chien Y. and McIntosh, Daniel H. and Guo, Yicheng},
    number = {1},
    month = {5},
    pages = {449--468},
    volume = {422},
    publisher = {Oxford University Press},
    url = {https://academic.oup.com/mnras/article-lookup/doi/10.1111/j.1365-2966.2012.20619.x},
    doi = {10.1111/j.1365-2966.2012.20619.x},
    issn = {00358711},
    keywords = {Galaxies: statistics, Galaxies: structure, Methods: data analysis, Surveys}
}

@article{baldry_06,
    title = {{Galaxy bimodality versus stellar mass and environment}},
    year = {2006},
    journal = {Monthly Notices of the Royal Astronomical Society},
    author = {Baldry, I. K. and Balogh, M. L. and Bower, R. G. and Glazebrook, K. and Nichol, R. C. and Bamford, S. P. and Budavari, T.},
    number = {2},
    month = {12},
    pages = {469--483},
    volume = {373},
    publisher = {Oxford University Press},
    url = {https://academic.oup.com/mnras/article-lookup/doi/10.1111/j.1365-2966.2006.11081.x},
    doi = {10.1111/j.1365-2966.2006.11081.x},
    issn = {00358711},
    keywords = {Galaxies: evolution, Galaxies: fundamental parameters, Galaxies: luminosity function, mass function}
}

@article{gzoo_p2,
    title = {{Galaxy Zoo 1: Data release of morphological classifications for nearly 900 000 galaxies}},
    year = {2011},
    journal = {Monthly Notices of the Royal Astronomical Society},
    author = {Lintott, Chris and Schawinski, Kevin and Bamford, Steven and Slosar, Anže and Land, Kate and Thomas, Daniel and Edmondson, Edd and Masters, Karen and Nichol, Robert C. and Raddick, M. Jordan and Szalay, Alex and Andreescu, Dan and Murray, Phil and Vandenberg, Jan},
    number = {1},
    month = {1},
    pages = {166--178},
    volume = {410},
    publisher = {Oxford University Press},
    url = {https://academic.oup.com/mnras/article-lookup/doi/10.1111/j.1365-2966.2010.17432.x},
    doi = {10.1111/j.1365-2966.2010.17432.x},
    issn = {00358711},
    keywords = {Galaxies: elliptical and lenticular, cD, Galaxies: general, Galaxies: spiral, Methods: data analysis}
}

@article{gzoo_p1,
    title = {{Galaxy Zoo: Morphologies derived from visual inspection of galaxies from the Sloan Digital Sky Survey}},
    year = {2008},
    journal = {Monthly Notices of the Royal Astronomical Society},
    author = {Lintott, Chris J. and Schawinski, Kevin and Slosar, Anže and Land, Kate and Bamford, Steven and Thomas, Daniel and Raddick, M. Jordan and Nichol, Robert C. and Szalay, Alex and Andreescu, Dan and Murray, Phil and Vandenberg, Jan},
    number = {3},
    month = {9},
    pages = {1179--1189},
    volume = {389},
    publisher = {Oxford University Press},
    url = {https://academic.oup.com/mnras/article-lookup/doi/10.1111/j.1365-2966.2008.13689.x},
    doi = {10.1111/j.1365-2966.2008.13689.x},
    issn = {00358711},
    keywords = {Galaxies: elliptical and lenticular, cD, Galaxies: general, Galaxies: spiral, Methods: data analysis}
}

@article{gzoo_original,
    title = {{Galaxy Zoo: Morphologies derived from visual inspection of galaxies from the Sloan Digital Sky Survey}},
    year = {2008},
    journal = {Monthly Notices of the Royal Astronomical Society},
    author = {Lintott, Chris J. and Schawinski, Kevin and Slosar, Anže and Land, Kate and Bamford, Steven and Thomas, Daniel and Raddick, M. Jordan and Nichol, Robert C. and Szalay, Alex and Andreescu, Dan and Murray, Phil and Vandenberg, Jan},
    number = {3},
    month = {9},
    pages = {1179--1189},
    volume = {389},
    url = {https://academic.oup.com/mnras/article-lookup/doi/10.1111/j.1365-2966.2008.13689.x},
    doi = {10.1111/j.1365-2966.2008.13689.x},
    issn = {00358711},
    keywords = {Galaxies: elliptical and lenticular, cD, Galaxies: general, Galaxies: spiral, Methods: data analysis}
}

@article{gzoo_candels,
    title = {{Galaxy Zoo: Quantitative visual morphological classifications for 48 000 galaxies from CANDELS}},
    year = {2017},
    journal = {Monthly Notices of the Royal Astronomical Society},
    author = {Simmons, B. D. and Lintott, Chris and Willett, Kyle W. and Masters, Karen L. and Kartaltepe, Jeyhan S. and H{\"{a}}u{\ss}ler, Boris and Kaviraj, Sugata and Krawczyk, Coleman and Kruk, S. J. and McIntosh, Daniel H. and Smethurst, R. J. and Nichol, Robert C. and Scarlata, Claudia and Schawinski, Kevin and Conselice, Christopher J. and Almaini, Omar and Ferguson, Henry C. and Fortson, Lucy and Hartley, William and Kocevski, Dale and Koekemoer, Anton M. and Mortlock, Alice and Newman, Jeffrey A. and Bamford, Steven P. and Grogin, N. A. and Lucas, Ray A. and Hathi, Nimish P. and McGrath, Elizabeth and Peth, Michael and Pforr, Janine and Rizer, Zachary and Wuyts, Stijn and Barro, Guillermo and Bell, Eric F. and Castellano, Marco and Dahlen, Tomas and Dekel, Avishai and Ownsworth, Jamie and Faber, Sandra M. and Finkelstein, Steven L. and Fontana, Adriano and Galametz, Audrey and Gr{\"{u}}tzbauch, Ruth and Koo, David and Lotz, Jennifer and Mobasher, Bahram and Mozena, Mark and Salvato, Mara and Wiklind, Tommy},
    number = {4},
    month = {2},
    pages = {4420--4447},
    volume = {464},
    url = {http://dx.doi.org/10.1093/mnras/stw2587},
    doi = {10.1093/mnras/stw2587},
    issn = {13652966},
    arxivId = {1610.03070},
    keywords = {Galaxies: bulges, Galaxies: elliptical and lenticular, cD, Galaxies: general, Galaxies: spiral, Galaxies: structure, galaxies: evolution}
}

@article{banerji_10,
    title = {{Galaxy Zoo: Reproducing galaxy morphologies via machine learning}},
    year = {2010},
    journal = {Monthly Notices of the Royal Astronomical Society},
    author = {Banerji, Manda and Lahav, Ofer and Lintott, Chris J. and Abdalla, Filipe B. and Schawinski, Kevin and Bamford, Steven P. and Andreescu, Dan and Murray, Phil and Raddick, M. Jordan and Slosar, Anze and Szalay, Alex and Thomas, Daniel and Vandenberg, Jan},
    number = {1},
    month = {7},
    pages = {342--353},
    volume = {406},
    publisher = {Oxford University Press},
    url = {https://academic.oup.com/mnras/article-lookup/doi/10.1111/j.1365-2966.2010.16713.x},
    doi = {10.1111/j.1365-2966.2010.16713.x},
    issn = {00358711},
    keywords = {Galaxies: general, Methods: data analysis}
}

@article{land_2008,
    title = {{Galaxy Zoo: The large-scale spin statistics of spiral galaxies in the Sloan Digital Sky Survey}},
    year = {2008},
    journal = {Monthly Notices of the Royal Astronomical Society},
    author = {Land, Kate and Slosar, Anže and Lintott, Chris and Andreescu, Dan and Bamford, Steven and Murray, Phil and Nichol, Robert and Raddick, M. Jordan and Schawinski, Kevin and Szalay, Alex and Thomas, Daniel and Vandenberg, Jan},
    number = {4},
    month = {8},
    pages = {1686--1692},
    volume = {388},
    publisher = {Narnia},
    url = {https://academic.oup.com/mnras/article-lookup/doi/10.1111/j.1365-2966.2008.13490.x},
    doi = {10.1111/j.1365-2966.2008.13490.x},
    issn = {00358711},
    keywords = {Galaxies: spiral, Large-scale structure of Universe}
}

@article{lecun_98,
    title = {{Gradient-based learning applied to document recognition}},
    year = {1998},
    journal = {Proceedings of the IEEE},
    author = {LeCun, Yann and Bottou, Léon and Bengio, Yoshua and Haffner, Patrick},
    number = {11},
    pages = {2278--2323},
    volume = {86},
    url = {http://ieeexplore.ieee.org/document/726791/},
    doi = {10.1109/5.726791},
    issn = {00189219},
    keywords = {Convolutional neural networks, Document recognition, Finite state transducers, Gradient-based learning, Graph transformer networks, Machine learning, Neural networks, Optical character recognition (OCR)}
}

@inproceedings{Zhu2011,
    title = {{Heterogeneous Transfer Learning for Image Classification}},
    year = {2011},
    booktitle = {Twenty-Fifth AAAI Conference on Artificial Intelligence},
    author = {Zhu, Yin and Chen, Yuqiang and Lu, Zhongqi and Pan, Sinno Jialin and Xue, Gui-Rong and Yu, Yong and Yang, Qiang and Kong, Hong},
    month = {8},
    publisher = {AAAI Publications},
    url = {https://www.aaai.org/ocs/index.php/AAAI/AAAI11/paper/viewPaper/3671}
}

@incollection{alexnet,
    title = {{ImageNet Classification with Deep Convolutional Neural Networks}},
    year = {2012},
    booktitle = {Advances in Neural Information Processing Systems 25},
    author = {Krizhevsky, Alex and Sutskever, Ilya and Hinton, Geoffrey E.},
    pages = {1097--1105}
}

@article{harrison_17,
    title = {{Impact of supermassive black hole growth on star formation}},
    year = {2017},
    journal = {Nature Astronomy},
    author = {Harrison, C. M.},
    pages = {165},
    volume = {1},
    url = {https://www.nature.com/articles/s41550-017-0165},
    doi = {10.1038/s41550-017-0165},
    issn = {23973366}
}

@article{rumelhart_88,
    title = {{Learning representations by back-propagating errors}},
    year = {1986},
    journal = {Nature},
    author = {Rumelhart, David E. and Hinton, Geoffrey E. and Williams, Ronald J.},
    number = {6088},
    month = {10},
    pages = {533--536},
    volume = {323},
    publisher = {Nature Publishing Group},
    url = {http://www.nature.com/articles/323533a0},
    doi = {10.1038/323533a0},
    issn = {00280836},
    keywords = {Humanities and Social Sciences, Science, multidisciplinary}
}

@article{Duan2012,
    title = {{Learning with augmented features for supervised and semi-supervised heterogeneous domain adaptation}},
    year = {2014},
    journal = {IEEE Transactions on Pattern Analysis and Machine Intelligence},
    author = {Li, Wen and Duan, Lixin and Xu, Dong and Tsang, Ivor W.},
    number = {6},
    month = {6},
    pages = {1134--1148},
    volume = {36},
    url = {http://ieeexplore.ieee.org/document/6587717/},
    isbn = {978-1-4503-1285-1},
    doi = {10.1109/TPAMI.2013.167},
    issn = {01628828},
    pmid = {23999386},
    arxivId = {1206.4660},
    keywords = {Heterogeneous domain adaptation, augmented features, domain adaptation, transfer learning}
}

@article{ml_pz,
    title = {{Measuring photometric redshifts using galaxy images and Deep Neural Networks}},
    year = {2016},
    journal = {Astronomy and Computing},
    author = {Hoyle, B.},
    month = {7},
    pages = {34--40},
    volume = {16},
    publisher = {Elsevier},
    url = {https://www.sciencedirect.com/science/article/pii/S221313371630021X},
    doi = {10.1016/j.ascom.2016.03.006},
    issn = {22131337},
    keywords = {Astronomy, Cosmology, Machine learning}
}

@article{caro_18,
    title = {{Morphology and Interaction of Galaxies using Deep Learning}},
    year = {2016},
    journal = {Proceedings of the International Astronomical Union},
    author = {Caro, Fernando and Huertas-Company, Marc and Cabrera, Guillermo},
    number = {S325},
    month = {10},
    pages = {205--208},
    volume = {12},
    publisher = {Cambridge University Press},
    url = {https://www.cambridge.org/core/product/identifier/S1743921317000205/type/journal_article},
    doi = {10.1017/S1743921317000205},
    issn = {17439221},
    keywords = {galaxies: interactions, galaxies: structure, methods: data analysis}
}

@article{fukushima_80,
    title = {{Neocognitron: A self-organizing neural network model for a mechanism of pattern recognition unaffected by shift in position}},
    year = {1980},
    journal = {Biological Cybernetics},
    author = {Fukushima, Kunihiko},
    number = {4},
    month = {4},
    pages = {193--202},
    volume = {36},
    publisher = {Springer-Verlag},
    url = {http://link.springer.com/10.1007/BF00344251},
    doi = {10.1007/BF00344251},
    issn = {03401200}
}

@book{nielsen,
    title = {{Neural Networks and Deep Learning}},
    year = {2015},
    author = {Nielsen, Michael A.},
    publisher = {Determination Press},
    url = {http://neuralnetworksanddeeplearning.com/}
}

@article{nyu_vagc_des,
    title = {{New York University Value-Added Galaxy Catalog: A Galaxy Catalog Based on New Public Surveys}},
    year = {2005},
    journal = {The Astronomical Journal},
    author = {Blanton, Michael R. and Schlegel, David J. and Strauss, Michael A. and Brinkmann, J. and Finkbeiner, Douglas and Fukugita, Masataka and Gunn, James E. and Hogg, David W. and Ivezi{\'{c}}, Željko and Knapp, G. R. and Lupton, Robert H. and Munn, Jeffrey A. and Schneider, Donald P. and Tegmark, Max and Zehavi, Idit},
    number = {6},
    month = {6},
    pages = {2562--2578},
    volume = {129},
    publisher = {IOP Publishing},
    url = {http://stacks.iop.org/1538-3881/129/i=6/a=2562},
    doi = {10.1086/429803},
    issn = {0004-6256}
}

@article{lopes_16,
    title = {{NoSOCS in SDSS - V. red disc and blue bulge galaxies across different environments}},
    year = {2016},
    journal = {Monthly Notices of the Royal Astronomical Society},
    author = {Lopes, P. A.A. and Rembold, S. B. and Ribeiro, A. L.B. and Nascimento, R. S. and Vajgel, B.},
    number = {3},
    month = {9},
    pages = {2559--2579},
    volume = {461},
    publisher = {Oxford University Press},
    url = {https://academic.oup.com/mnras/article-lookup/doi/10.1093/mnras/stw1497},
    doi = {10.1093/mnras/stw1497},
    issn = {13652966},
    keywords = {Galaxies: clusters: general, Galaxies: evolution, Galaxies: structure, Surveys}
}

@article{psfgan,
    title = {{psfgan: a generative adversarial network system for separating quasar point sources and host galaxy light}},
    year = {2018},
    journal = {Monthly Notices of the Royal Astronomical Society},
    author = {Stark, Dominic and Launet, Barthelemy and Schawinski, Kevin and Zhang, Ce and Koss, Michael and Turp, M Dennis and Sartori, Lia F and Zhang, Hantian and Chen, Yiru and Weigel, Anna K},
    number = {2},
    month = {6},
    pages = {2513--2527},
    volume = {477},
    publisher = {Oxford University Press},
    url = {https://academic.oup.com/mnras/article/477/2/2513/4951616},
    doi = {10.1093/mnras/sty764},
    issn = {0035-8711}
}

@article{baldry_04,
    title = {{Quantifying the Bimodal Color‐Magnitude Distribution of Galaxies}},
    year = {2004},
    journal = {The Astrophysical Journal},
    author = {Baldry, Ivan K. and Glazebrook, Karl and Brinkmann, Jon and Ivezi{\'{c}}, Željko and Lupton, Robert H. and Nichol, Robert C. and Szalay, Alexander S.},
    number = {2},
    month = {1},
    pages = {681--694},
    volume = {600},
    publisher = {IOP Publishing},
    url = {http://stacks.iop.org/0004-637X/600/i=2/a=681},
    doi = {10.1086/380092},
    issn = {0004-637X}
}

@article{de_vac_48,
    title = {{Recherches sur les Nebuleuses Extragalactiques}},
    year = {1948},
    journal = {Annales d'Astrophysique},
    author = {de Vaucouleurs, G},
    pages = {247},
    volume = {11},
    url = {http://adsabs.harvard.edu/full/1948AnAp...11..247D},
    issn = {0365-0499}
}

@article{dieleman_15,
    title = {{Rotation-invariant convolutional neural networks for galaxy morphology prediction}},
    year = {2015},
    journal = {Monthly Notices of the Royal Astronomical Society},
    author = {Dieleman, Sander and Willett, Kyle W. and Dambre, Joni},
    number = {2},
    month = {6},
    pages = {1441--1459},
    volume = {450},
    publisher = {Oxford University Press},
    url = {http://academic.oup.com/mnras/article/450/2/1441/979677/},
    doi = {10.1093/mnras/stv632},
    issn = {13652966},
    keywords = {Catalogues, Galaxies: general, Methods: data analysis, Techniques: image processing}
}

@article{wmap7,
    title = {{Seven-year wilkinson microwave anisotropy probe (WMAP * ) observations: Cosmological interpretation}},
    year = {2011},
    journal = {Astrophysical Journal, Supplement Series},
    author = {Komatsu, E. and Smith, K. M. and Dunkley, J. and Bennett, C. L. and Gold, B. and Hinshaw, G. and Jarosik, N. and Larson, D. and Nolta, M. R. and Page, L. and Spergel, D. N. and Halpern, M. and Hill, R. S. and Kogut, A. and Limon, M. and Meyer, S. S. and Odegard, N. and Tucker, G. S. and Weiland, J. L. and Wollack, E. and Wright, E. L.},
    number = {2},
    month = {2},
    pages = {18},
    volume = {192},
    publisher = {IOP Publishing},
    url = {http://stacks.iop.org/0067-0049/192/i=2/a=18},
    doi = {10.1088/0067-0049/192/2/18},
    issn = {00670049},
    keywords = {Cosmic background radiation, Cosmology: observations, Dark matter, Early universe, Space vehicles}
}

@article{s_extract,
    title = {{SExtractor: Software for source extraction}},
    year = {1996},
    journal = {Astronomy and Astrophysics Supplement Series},
    author = {Bertinl, E.},
    number = {2},
    month = {6},
    pages = {393--404},
    volume = {117},
    url = {http://aas.aanda.org/10.1051/aas:1996164},
    doi = {10.1051/aas:1996164},
    issn = {03650138},
    keywords = {Galaxies: Photometry, Methods: Data analysis, Techniques: Image processing}
}

@article{ml_sz,
    title = {{Star-galaxy classification using deep convolutional neural networks}},
    year = {2017},
    journal = {Monthly Notices of the Royal Astronomical Society},
    author = {Kim, Edward J. and Brunner, Robert J.},
    number = {4},
    month = {2},
    pages = {4463--4475},
    volume = {464},
    publisher = {Oxford University Press},
    url = {https://academic.oup.com/mnras/article-lookup/doi/10.1093/mnras/stw2672},
    doi = {10.1093/mnras/stw2672},
    issn = {13652966},
    keywords = {Galaxies: statistics, Methods: data analysis, Methods: statistical, Stars: statistics, Surveys, Techniques: image processing}
}

@article{mpa_jhu_2,
    title = {{Stellar masses and star formation histories for 105 galaxies from the Sloan Digital Sky Survey}},
    year = {2003},
    journal = {Monthly Notices of the Royal Astronomical Society},
    author = {Kauffmann, Guinevere and Heckman, Timothy M. and White, Simon D M and Charlot, Stéphane and Tremonti, Christy and Brinchmann, Jarle and Bruzual, Gustavo and Peng, Eric W. and Seibert, Mark and Bernardi, Mariangela and Blanton, Michael and Brinkmann, Jon and Castander, Francisco and Cs{\'{a}}bai, Istvan and Fukugita, Masataka and Ivezic, Zeljko and Munn, Jeffrey A. and Nichol, Robert C. and Padmanabhan, Nikhil and Thakar, Aniruddha R. and Weinberg, David H. and York, Donald},
    number = {1},
    month = {5},
    pages = {33--53},
    volume = {341},
    publisher = {Oxford University Press},
    url = {https://academic.oup.com/mnras/article-lookup/doi/10.1046/j.1365-8711.2003.06291.x},
    doi = {10.1046/j.1365-8711.2003.06291.x},
    issn = {00358711},
    keywords = {Galaxies: evolution, Galaxies: formation, Galaxies: stellar content}
}

@article{vdw_12,
    title = {{Structural parameters of galaxies in candels}},
    year = {2012},
    journal = {Astrophysical Journal, Supplement Series},
    author = {Van Der Wel, A. and Bell, E. F. and H{\"{a}}ussler, B. and McGrath, E. J. and Chang, Yu Yen and Guo, Yicheng and McIntosh, D. H. and Rix, H. W. and Barden, M. and Cheung, E. and Faber, S. M. and Ferguson, H. C. and Galametz, A. and Grogin, N. A. and Hartley, W. and Kartaltepe, J. S. and Kocevski, D. D. and Koekemoer, A. M. and Lotz, J. and Mozena, M. and Peth, M. A. and Peng, Chien Y.},
    number = {2},
    month = {12},
    pages = {24},
    volume = {203},
    publisher = {IOP Publishing},
    url = {http://stacks.iop.org/0067-0049/203/i=2/a=24},
    doi = {10.1088/0067-0049/203/2/24},
    issn = {00670049},
    keywords = {catalogs, galaxies: high-redshift, galaxies: statistics, galaxies: structure surveys}
}

@article{simmons_08,
    title = {{The Accuracy of Morphological Decomposition of Active Galactic Nucleus Host Galaxies}},
    year = {2008},
    journal = {The Astrophysical Journal},
    author = {Simmons, B. D. and Urry, C. M.},
    number = {2},
    month = {8},
    pages = {644--658},
    volume = {683},
    publisher = {IOP Publishing},
    url = {http://stacks.iop.org/0004-637X/683/i=2/a=644},
    doi = {10.1086/589827},
    issn = {0004-637X}
}

@article{brammer_09,
    title = {{The dead sequence: A clear bimodality in galaxy colors from z = 0 to z = 2.5}},
    year = {2009},
    journal = {Astrophysical Journal},
    author = {Brammer, G. B. and Whitaker, K. E. and Van Dokkum, P. G. and Marchesini, D. and Labb{\'{e}}, I. and Franx, M. and Kriek, M. and Quadri, R. F. and Illingworth, G. and Lee, K. S. and Muzzin, A. and Rudnick, G.},
    number = {1 PART 2},
    month = {11},
    pages = {L173-L177},
    volume = {706},
    publisher = {IOP Publishing},
    url = {http://stacks.iop.org/1538-4357/706/i=1/a=L173},
    doi = {10.1088/0004-637X/706/1/L173},
    issn = {15384357},
    keywords = {Cosmology: observations, Galaxies: evolution, Galaxies: formation}
}

@article{tojeiro_13,
    title = {{The different star formation histories of blue and red spiral and elliptical galaxies}},
    year = {2013},
    journal = {Monthly Notices of the Royal Astronomical Society},
    author = {Tojeiro, Rita and Masters, Karen L. and Richards, Joshua and Percival, Will J. and Bamford, Steven P. and Maraston, Claudia and Nichol, Robert C. and Skibba, Ramin and Thomas, Daniel},
    number = {1},
    month = {6},
    pages = {359--373},
    volume = {432},
    publisher = {Oxford University Press},
    url = {http://academic.oup.com/mnras/article/432/1/359/1128392/},
    doi = {10.1093/mnras/stt484},
    issn = {00358711},
    keywords = {Galaxies: evolution, Galaxies: statistics, Galaxies: stellar content, Surveys}
}

@article{calzetti_00,
    title = {{The Dust Content and Opacity of Actively Star‐forming Galaxies}},
    year = {2000},
    journal = {The Astrophysical Journal},
    author = {Calzetti, Daniela and Armus, Lee and Bohlin, Ralph C. and Kinney, Anne L. and Koornneef, Jan and Storchi‐Bergmann, Thaisa},
    number = {2},
    month = {4},
    pages = {682--695},
    volume = {533},
    publisher = {IOP Publishing},
    url = {http://stacks.iop.org/0004-637X/533/i=2/a=682},
    doi = {10.1086/308692},
    issn = {0004-637X}
}

@article{schawinski_14_green_herring,
    title = {{The green valley is a red herring: Galaxy Zoo reveals two evolutionary pathways towards quenching of star formation in early-and late-type galaxies}},
    year = {2014},
    journal = {Monthly Notices of the Royal Astronomical Society},
    author = {Schawinski, Kevin and Urry, C. Megan and Simmons, Brooke D. and Fortson, Lucy and Kaviraj, Sugata and Keel, William C. and Lintott, Chris J. and Masters, Karen L. and Nichol, Robert C. and Sarzi, Marc and Skibba, Ramin and Treister, Ezequiel and Willett, Kyle W. and Wong, O. Ivy and Yi, Sukyoung K.},
    number = {1},
    month = {5},
    pages = {889--907},
    volume = {440},
    publisher = {Narnia},
    url = {http://academic.oup.com/mnras/article/440/1/889/1749989/The-green-valley-is-a-red-herring-Galaxy-Zoo},
    doi = {10.1093/mnras/stu327},
    issn = {13652966},
    keywords = {Galaxies: Active, Galaxies: Elliptical and lenticular, Galaxies: Evolution, Galaxies: Spiral, cD}
}

@article{mpa_jhu_1,
    title = {{The physical properties of star-forming galaxies in the low-redshift Universe}},
    year = {2004},
    journal = {Monthly Notices of the Royal Astronomical Society},
    author = {Brinchmann, J. and Charlot, S. and White, S. D.M. and Tremonti, C. and Kauffmann, G. and Heckman, T. and Brinkmann, J.},
    number = {4},
    month = {7},
    pages = {1151--1179},
    volume = {351},
    publisher = {Oxford University Press},
    url = {https://academic.oup.com/mnras/article-lookup/doi/10.1111/j.1365-2966.2004.07881.x},
    doi = {10.1111/j.1365-2966.2004.07881.x},
    issn = {00358711},
    keywords = {Galaxies: abundances, Galaxies: evolution, Galaxies: fundamental parameters, Galaxies: general, Surveys}
}

@article{sdss_1_2_des,
    title = {{The Sloan Digital Sky Survey: Technical Summary}},
    year = {2000},
    journal = {The Astronomical Journal},
    author = {York, Donald G. and Adelman, J. and Anderson, Jr., John E. and Anderson, Scott F. and Annis, James and Bahcall, Neta A. and Bakken, J. A. and Barkhouser, Robert and Bastian, Steven and Berman, Eileen and Boroski, William N. and Bracker, Steve and Briegel, Charlie and Briggs, John W. and Brinkmann, J. and Brunner, Robert and Burles, Scott and Carey, Larry and Carr, Michael A. and Castander, Francisco J. and Chen, Bing and Colestock, Patrick L. and Connolly, A. J. and Crocker, J. H. and Csabai, István and Czarapata, Paul C. and Davis, John Eric and Doi, Mamoru and Dombeck, Tom and Eisenstein, Daniel and Ellman, Nancy and Elms, Brian R. and Evans, Michael L. and Fan, Xiaohui and Federwitz, Glenn R. and Fiscelli, Larry and Friedman, Scott and Frieman, Joshua A. and Fukugita, Masataka and Gillespie, Bruce and Gunn, James E. and Gurbani, Vijay K. and de Haas, Ernst and Haldeman, Merle and Harris, Frederick H. and Hayes, J. and Heckman, Timothy M. and Hennessy, G. S. and Hindsley, Robert B. and Holm, Scott and Holmgren, Donald J. and Huang, Chi-hao and Hull, Charles and Husby, Don and Ichikawa, Shin-Ichi and Ichikawa, Takashi and Ivezi{\'{c}}, Željko and Kent, Stephen and Kim, Rita S. J. and Kinney, E. and Klaene, Mark and Kleinman, A. N. and Kleinman, S. and Knapp, G. R. and Korienek, John and Kron, Richard G. and Kunszt, Peter Z. and Lamb, D. Q. and Lee, B. and Leger, R. French and Limmongkol, Siriluk and Lindenmeyer, Carl and Long, Daniel C. and Loomis, Craig and Loveday, Jon and Lucinio, Rich and Lupton, Robert H. and MacKinnon, Bryan and Mannery, Edward J. and Mantsch, P. M. and Margon, Bruce and McGehee, Peregrine and McKay, Timothy A. and Meiksin, Avery and Merelli, Aronne and Monet, David G. and Munn, Jeffrey A. and Narayanan, Vijay K. and Nash, Thomas and Neilsen, Eric and Neswold, Rich and Newberg, Heidi Jo and Nichol, R. C. and Nicinski, Tom and Nonino, Mario and Okada, Norio and Okamura, Sadanori and Ostriker, Jeremiah P. and Owen, Russell and Pauls, A. George and Peoples, John and Peterson, R. L. and Petravick, Donald and Pier, Jeffrey R. and Pope, Adrian and Pordes, Ruth and Prosapio, Angela and Rechenmacher, Ron and Quinn, Thomas R. and Richards, Gordon T. and Richmond, Michael W. and Rivetta, Claudio H. and Rockosi, Constance M. and Ruthmansdorfer, Kurt and Sandford, Dale and Schlegel, David J. and Schneider, Donald P. and Sekiguchi, Maki and Sergey, Gary and Shimasaku, Kazuhiro and Siegmund, Walter A. and Smee, Stephen and Smith, J. Allyn and Snedden, S. and Stone, R. and Stoughton, Chris and Strauss, Michael A. and Stubbs, Christopher and SubbaRao, Mark and Szalay, Alexander S. and Szapudi, Istvan and Szokoly, Gyula P. and Thakar, Anirudda R. and Tremonti, Christy and Tucker, Douglas L. and Uomoto, Alan and Vanden Berk, Dan and Vogeley, Michael S. and Waddell, Patrick and Wang, Shu-i and Watanabe, Masaru and Weinberg, David H. and Yanny, Brian and Yasuda, Naoki},
    number = {3},
    month = {9},
    pages = {1579--1587},
    volume = {120},
    publisher = {IOP Publishing},
    url = {http://stacks.iop.org/1538-3881/120/i=3/a=1579},
    doi = {10.1086/301513},
    issn = {00046256}
}

@article{ml_mergers,
    title = {{Using transfer learning to detect galaxy mergers}},
    year = {2018},
    journal = {Monthly Notices of the Royal Astronomical Society},
    author = {Ackermann, Sandro and Schawinski, Kevin and Zhang, Ce and Weigel, Anna K. and Dennis Turp, M.},
    number = {1},
    month = {9},
    pages = {415--425},
    volume = {479},
    publisher = {Oxford University Press},
    url = {https://academic.oup.com/mnras/article/479/1/415/5017494},
    doi = {10.1093/mnras/sty1398},
    issn = {13652966},
    keywords = {Galaxies: general, Methods: data analysis, Techniques: image processing}
}

@inproceedings{Kulis2011,
    title = {{What you saw is not what you get: Domain adaptation using asymmetric kernel transforms}},
    year = {2011},
    booktitle = {CVPR 2011},
    author = {Kulis, Brian and Saenko, Kate and Darrell, Trevor},
    month = {6},
    pages = {1785--1792},
    publisher = {IEEE},
    url = {http://ieeexplore.ieee.org/document/5995702/},
    isbn = {978-1-4577-0394-2},
    doi = {10.1109/CVPR.2011.5995702},
    issn = {10636919}
}

@article{Ball2004GalaxyNetworks,
    title = {{Galaxy types in the Sloan Digital Sky survey using supervised artificial neural networks}},
    year = {2004},
    journal = {Monthly Notices of the Royal Astronomical Society},
    author = {Ball, N. M. and Loveday, J. and Fukugita, M. and Nakamura, O. and Okamura, S. and Brinkmann, J. and Brunner, R. J.},
    number = {3},
    month = {3},
    pages = {1038--1046},
    volume = {348},
    publisher = {Oxford University Press},
    url = {https://academic.oup.com/mnras/article-lookup/doi/10.1111/j.1365-2966.2004.07429.x},
    doi = {10.1111/j.1365-2966.2004.07429.x},
    issn = {00358711},
    arxivId = {astro-ph/0306390},
    keywords = {Galaxies: fundamental parameters, Galaxies: photometry, Galaxies: statistics, Methods: data analysis, Methods: statistical}
}

@article{Kelly2004MorphologicalSurvey,
    title = {{Morphological Classification of Galaxies by Shapelet Decomposition in the Sloan Digital Sky Survey}},
    year = {2004},
    journal = {The Astronomical Journal},
    author = {Kelly, Brandon C. and McKay, Timothy A.},
    number = {2},
    month = {2},
    pages = {625--645},
    volume = {127},
    publisher = {IOP Publishing},
    doi = {10.1086/380934},
    issn = {0004-6256}
}

@article{Nishizawa2020Photometric2,
    title = {{Photometric Redshifts for the Hyper Suprime-Cam Subaru Strategic Program Data Release 2}},
    year = {2020},
    author = {Nishizawa, Atsushi J. and Hsieh, Bau-Ching and Tanaka, Masayuki and Takata, Tadafumi},
    month = {2},
    url = {http://arxiv.org/abs/2003.01511},
    arxivId = {2003.01511}
}