@article{gim2d,
    title = {{ The DEEP Groth Strip Survey. II. Hubble Space Telescope Structural Parameters of Galaxies in the Groth Strip }},
    year = {2002},
    journal = {The Astrophysical Journal Supplement Series},
    author = {Simard, Luc and Willmer, Christopher N. A. and Vogt, Nicole P. and Sarajedini, Vicki L. and Phillips, Andrew C. and Weiner, Benjamin J. and Koo, David C. and Im, Myungshin and Illingworth, Garth D. and Faber, S. M.},
    number = {1},
    month = {9},
    pages = {1--33},
    volume = {142},
    publisher = {American Astronomical Society},
    url = {https://iopscience.iop.org/article/10.1086/341399 https://iopscience.iop.org/article/10.1086/341399/meta},
    doi = {10.1086/341399/FULLTEXT/},
    issn = {0067-0049},
    keywords = {Subject headings, evolution-galaxies, fundamental parameters-galaxies, galaxies, high-redshift On-line material, machine-readable tables}
}

@article{simard_11,
    title = {{A catalog of bulge+disk decompositions and updated photometry for 1.12 million galaxies in the Sloan digital sky survey}},
    year = {2011},
    journal = {Astrophysical Journal, Supplement Series},
    author = {Simard, Luc and Trevor Mendel, J. and Patton, David R. and Ellison, Sara L. and McConnachie, Alan W.},
    number = {1},
    month = {9},
    pages = {11},
    volume = {196},
    publisher = {IOP Publishing},
    url = {ttp://stacks.iop.org/0067-0049/196/i=1/a=11},
    doi = {10.1088/0067-0049/196/1/11},
    issn = {00670049},
    keywords = {galaxies: evolution, galaxies: fundamental parameters}
}

@article{tarsitano_18,
    title = {{A catalogue of structural and morphological measurements for DES Y1}},
    year = {2018},
    journal = {Monthly Notices of the Royal Astronomical Society},
    author = {Tarsitano, F and Hartley, W G and Amara, A and Bluck, A and Bruderer, C and Carollo, M and Conselice, C and Melchior, P and Moraes, B and Refregier, A and Sevilla-Noarbe, I and Woo, J and Abbott, T M C and Allam, S and Annis, J and Avila, S and Banerji, M and Bertin, E and Brooks, D and Burke, D L and Carnero Rosell, A and Carrasco Kind, M and Carretero, J and Cunha, C E and D’Andrea, C B and da Costa, L N and Davis, C and De Vicente, J and Desai, S and Doel, P and Estrada, J and Frieman, J and Garc{\'{i}}a-Bellido, J and Gruen, D and Gruendl, R A and Gutierrez, G and Hollowood, D and Honscheid, K and James, D J and Jeltema, T and Krause, E and Kuehn, K and Kuropatkin, N and Lahav, O and Maia, M A G and Menanteau, F and Miquel, R and Plazas, A A and Romer, A K and Roodman, A and Sanchez, E and Santiago, B and Schindler, R and Smith, M and Smith, R C and Soares-Santos, M and Sobreira, F and Suchyta, E and Swanson, M E C and Tarle, G and Thomas, D and Vikram, V and Walker, A R},
    number = {2},
    month = {12},
    pages = {2018--2040},
    volume = {481},
    doi = {10.1093/mnras/sty1970},
    issn = {0035-8711}
}

@article{zanisi_21,
    title = {{A deep learning approach to test the small-scale galaxy morphology and its relationship with star formation activity in hydrodynamical simulations}},
    year = {2021},
    journal = {Monthly Notices of the Royal Astronomical Society},
    author = {Zanisi, Lorenzo and Huertas-Company, Marc and Lanusse, François and Bottrell, Connor and Pillepich, Annalisa and Nelson, Dylan and Rodriguez-Gomez, Vicente and Shankar, Francesco and Hernquist, Lars and Dekel, Avishai and Margalef-Bentabol, Berta and Vogelsberger, Mark and Primack, Joel},
    number = {3},
    month = {1},
    pages = {4359--4382},
    volume = {501},
    doi = {10.1093/mnras/staa3864},
    issn = {0035-8711}
}

@article{kormendy_1979,
    title = {{A morphological survey of bar, lens, and ring components in galaxies Secular evolution in galaxy structure}},
    year = {1979},
    journal = {The Astrophysical Journal},
    author = {Kormendy, J.},
    month = {2},
    pages = {714},
    volume = {227},
    doi = {10.1086/156782},
    issn = {0004-637X}
}

@article{Pan2010,
    title = {{A survey on transfer learning}},
    year = {2010},
    journal = {IEEE Transactions on Knowledge and Data Engineering},
    author = {Pan, Sinno Jialin and Yang, Qiang},
    number = {10},
    month = {10},
    pages = {1345--1359},
    volume = {22},
    url = {http://ieeexplore.ieee.org/document/5288526/},
    doi = {10.1109/TKDE.2009.191},
    issn = {10414347},
    keywords = {Transfer learning, data mining., machine learning, survey}
}

@article{numpy,
    title = {{Array programming with NumPy}},
    year = {2020},
    journal = {Nature 2020 585:7825},
    author = {Harris, Charles R. and Millman, K. Jarrod and van der Walt, Stéfan J. and Gommers, Ralf and Virtanen, Pauli and Cournapeau, David and Wieser, Eric and Taylor, Julian and Berg, Sebastian and Smith, Nathaniel J. and Kern, Robert and Picus, Matti and Hoyer, Stephan and van Kerkwijk, Marten H. and Brett, Matthew and Haldane, Allan and del R{\'{i}}o, Jaime Fernández and Wiebe, Mark and Peterson, Pearu and G{\'{e}}rard-Marchant, Pierre and Sheppard, Kevin and Reddy, Tyler and Weckesser, Warren and Abbasi, Hameer and Gohlke, Christoph and Oliphant, Travis E.},
    number = {7825},
    month = {9},
    pages = {357--362},
    volume = {585},
    publisher = {Nature Publishing Group},
    url = {https://www.nature.com/articles/s41586-020-2649-2},
    doi = {10.1038/s41586-020-2649-2},
    issn = {1476-4687},
    pmid = {32939066},
    arxivId = {2006.10256},
    keywords = {Computational neuroscience, Computational science, Computer science, Software, Solar physics}
}

@article{astropy_1,
    title = {{Astropy: A community Python package for astronomy}},
    year = {2013},
    journal = {Astronomy {\&} Astrophysics},
    author = {Robitaille, Thomas P. and Tollerud, Erik J. and Greenfield, Perry and Droettboom, Michael and Bray, Erik and Aldcroft, Tom and Davis, Matt and Ginsburg, Adam and Price-Whelan, Adrian M. and Kerzendorf, Wolfgang E. and Conley, Alexander and Crighton, Neil and Barbary, Kyle and Muna, Demitri and Ferguson, Henry and Grollier, Frédéric and Parikh, Madhura M. and Nair, Prasanth H. and G{\"{u}}nther, Hans M. and Deil, Christoph and Woillez, Julien and Conseil, Simon and Kramer, Roban and Turner, James E.H. and Singer, Leo and Fox, Ryan and Weaver, Benjamin A. and Zabalza, Victor and Edwards, Zachary I. and Azalee Bostroem, K. and Burke, D. J. and Casey, Andrew R. and Crawford, Steven M. and Dencheva, Nadia and Ely, Justin and Jenness, Tim and Labrie, Kathleen and Lim, Pey Lian and Pierfederici, Francesco and Pontzen, Andrew and Ptak, Andy and Refsdal, Brian and Servillat, Mathieu and Streicher, Ole},
    month = {10},
    pages = {A33},
    volume = {558},
    publisher = {EDP Sciences},
    url = {https://www.aanda.org/articles/aa/full_html/2013/10/aa22068-13/aa22068-13.html https://www.aanda.org/articles/aa/abs/2013/10/aa22068-13/aa22068-13.html},
    doi = {10.1051/0004-6361/201322068},
    issn = {0004-6361},
    arxivId = {1307.6212},
    keywords = {A{\&}A, Astronomy {\&} Astrophysics, EDP Sciences, ESO, methods: data analysis, methods: miscellaneous, virtual observatory tools}
}

@article{importance_sampling,
    title = {{Bayesian Estimates of Equation System Parameters: An Application of Integration by Monte Carlo}},
    year = {1978},
    journal = {Econometrica},
    author = {Kloek, T. and van Dijk, H. K.},
    number = {1},
    month = {1},
    pages = {1},
    volume = {46},
    doi = {10.2307/1913641},
    issn = {00129682}
}

@article{dekel_09b,
    title = {{Cold streams in early massive hot haloes as the main mode of galaxy formation}},
    year = {2009},
    journal = {Nature 2009 457:7228},
    author = {Dekel, A. and Birnboim, Y. and Engel, G. and Freundlich, J. and Goerdt, T. and Mumcuoglu, M. and Neistein, E. and Pichon, C. and Teyssier, R. and Zinger, E.},
    number = {7228},
    month = {1},
    pages = {451--454},
    volume = {457},
    publisher = {Nature Publishing Group},
    url = {https://www.nature.com/articles/nature07648},
    doi = {10.1038/nature07648},
    issn = {1476-4687},
    arxivId = {0808.0553},
    keywords = {Humanities and Social Sciences, Science, multidisciplinary}
}

@inproceedings{blum_1998,
    title = {{Combining labeled and unlabeled data with co-training}},
    year = {1998},
    booktitle = {Proceedings of the eleventh annual conference on Computational learning theory  - COLT' 98},
    author = {Blum, Avrim and Mitchell, Tom},
    pages = {92--100},
    publisher = {ACM Press},
    address = {New York, New York, USA},
    isbn = {1581130570},
    doi = {10.1145/279943.279962}
}

@article{corner,
    title = {{corner.py: Scatterplot matrices in Python}},
    year = {2016},
    journal = {Journal of Open Source Software},
    author = {Foreman-Mackey, Daniel},
    number = {2},
    month = {6},
    pages = {24},
    volume = {1},
    publisher = {The Open Journal},
    url = {https://joss.theoj.org/papers/10.21105/joss.00024},
    doi = {10.21105/JOSS.00024},
    issn = {2475-9066}
}

@inproceedings{pandas,
    title = {{Data Structures for Statistical Computing in Python}},
    year = {2010},
    booktitle = {Proceedings of the 9th Python in Science Conference},
    author = {McKinney, Wes},
    pages = {56--61},
    url = {https://conference.scipy.org/proceedings/scipy2010/mckinney.html},
    doi = {10.25080/Majora-92bf1922-00a}
}

@book{candela_09,
    title = {{Dataset Shift in Machine Learning}},
    year = {2009},
    author = {Quionero-Candela, Joaquin and Sugiyama, Masashi and Schwaighofer, Anton and Lawrence, Neil D},
    publisher = {The MIT Press},
    isbn = {0262170051}
}

@article{galfit,
    title = {{Detailed Structural Decomposition of Galaxy Images}},
    year = {2002},
    journal = {The Astronomical Journal},
    author = {Peng, Chien Y. and Ho, Luis C. and Impey, Chris D. and Rix, Hans-Walter},
    number = {1},
    month = {7},
    pages = {266--293},
    volume = {124},
    publisher = {IOP Publishing},
    url = {http://stacks.iop.org/1538-3881/124/i=1/a=266},
    doi = {10.1086/340952},
    issn = {00046256}
}

@article{galfitb,
    title = {{Detailed Structural Decomposition of Galaxy Images}},
    year = {2002},
    journal = {The Astronomical Journal},
    author = {Peng, Chien Y. and Ho, Luis C. and Impey, Chris D. and Rix, Hans-Walter},
    number = {1},
    month = {7},
    pages = {266--293},
    volume = {124},
    publisher = {IOP Publishing},
    url = {http://stacks.iop.org/1538-3881/124/i=1/a=266},
    doi = {10.1086/340952},
    issn = {00046256}
}

@inproceedings{mlflow,
    title = {{Developments in MLflow}},
    year = {2020},
    booktitle = {Proceedings of the Fourth International Workshop on Data Management for End-to-End Machine Learning},
    author = {Chen, Andrew and Chow, Andy and Davidson, Aaron and DCunha, Arjun and Ghodsi, Ali and Hong, Sue Ann and Konwinski, Andy and Mewald, Clemens and Murching, Siddharth and Nykodym, Tomas and Ogilvie, Paul and Parkhe, Mani and Singh, Avesh and Xie, Fen and Zaharia, Matei and Zang, Richard and Zheng, Juntai and Zumar, Corey},
    month = {6},
    pages = {1--4},
    publisher = {ACM},
    address = {New York, NY, USA},
    isbn = {9781450380232},
    doi = {10.1145/3399579.3399867}
}

@article{recht_19,
    title = {{Do ImageNet Classifiers Generalize to ImageNet?}},
    year = {2019},
    author = {Recht, Benjamin and Roelofs, Rebecca and Schmidt, Ludwig and Shankar, Vaishaal},
    month = {2},
    url = {http://arxiv.org/abs/1902.10811},
    arxivId = {1902.10811}
}

@inproceedings{gal_2016,
    title = {{Dropout as a Bayesian approximation: Representing model uncertainty in deep learning}},
    year = {2016},
    booktitle = {33rd International Conference on Machine Learning, ICML 2016},
    author = {Gal, Yarin and Ghahramani, Zoubin},
    month = {6},
    pages = {1651--1660},
    volume = {3},
    publisher = {PMLR},
    url = {https://proceedings.mlr.press/v48/gal16.html},
    isbn = {9781510829008},
    issn = {1938-7228},
    arxivId = {1506.02142}
}

@article{demp,
    title = {{ESTIMATING LUMINOSITIES AND STELLAR MASSES OF GALAXIES PHOTOMETRICALLY WITHOUT DETERMINING REDSHIFTS}},
    year = {2014},
    journal = {The Astrophysical Journal},
    author = {Hsieh, B. C. and Yee, H. K. C.},
    number = {2},
    month = {8},
    pages = {102},
    volume = {792},
    doi = {10.1088/0004-637X/792/2/102},
    issn = {1538-4357}
}

@article{euclid_morph,
    title = {{Euclid preparation XXVI: The Euclid Morphology Challenge. Towards structural parameters for billions of galaxies}},
    year = {2022},
    author = {{Euclid Collaboration} and Bretonni{\`{e}}re, H. and Kuchner, U. and Huertas-Company, M. and Merlin, E. and Castellano, M. and Tuccillo, D. and Buitrago, F. and Conselice, C. J. and Boucaud, A. and H{\"{a}}u{\ss}ler, B. and K{\"{u}}mmel, M. and Hartley, W. G. and Ayllon, A. Alvarez and Bertin, E. and Ferrari, F. and Ferreira, L. and Gavazzi, R. and Hern{\'{a}}ndez-Lang, D. and Lucatelli, G. and Robotham, A. S. G. and Schefer, M. and Wang, L. and Cabanac, R. and Duc, P. -A. and Fotopoulou, S. and Kruk, S. and La Marca, A. and Margalef-Bentabol, B. and Marleau, F. R. and Tortora, C. and Aghanim, N. and Amara, A. and Auricchio, N. and Azzollini, R. and Baldi, M. and Bender, R. and Bodendorf, C. and Branchini, E. and Brescia, M. and Brinchmann, J. and Camera, S. and Capobianco, V. and Carbone, C. and Carretero, J. and Castander, F. J. and Cavuoti, S. and Cimatti, A. and Cledassou, R. and Congedo, G. and Conversi, L. and Copin, Y. and Corcione, L. and Courbin, F. and Cropper, M. and Da Silva, A. and Degaudenzi, H. and Dinis, J. and Dubath, F. and Duncan, C. A. J. and Dupac, X. and Dusini, S. and Farrens, S. and Ferriol, S. and Frailis, M. and Franceschi, E. and Fumana, M. and Galeotta, S. and Garilli, B. and Gillis, B. and Giocoli, C. and Grazian, A. and Grupp, F. and Haugan, S. V. H. and Hoekstra, H. and Holmes, W. and Hormuth, F. and Hornstrup, A. and Hudelot, P. and Jahnke, K. and Kermiche, S. and Kiessling, A. and Kohley, R. and Kunz, M. and Kurki-Suonio, H. and Ligori, S. and Lilje, P. B. and Lloro, I. and Mansutti, O. and Marggraf, O. and Markovic, K. and Marulli, F. and Massey, R. and McCracken, H. J. and Medinaceli, E. and Melchior, M. and Meneghetti, M. and Meylan, G. and Moresco, M. and Moscardini, L. and Munari, E. and Niemi, S. M. and Padilla, C. and Paltani, S. and Pasian, F. and Pedersen, K. and Percival, W. and Pettorino, V. and Polenta, G. and Poncet, M. and Pozzetti, L. and Raison, F. and Rebolo, R. and Renzi, A. and Rhodes, J. and Riccio, G. and Romelli, E. and Rosset, C. and Rossetti, E. and Saglia, R. and Sapone, D. and Sartoris, B. and Schneider, P. and Secroun, A. and Seidel, G. and Sirignano, C. and Sirri, G. and Skottfelt, J. and Starck, J. -L. and Tallada-Cresp{\'{i}}, P. and Taylor, A. N. and Tereno, I. and Toledo-Moreo, R. and Tutusaus, I. and Valentijn, E. A. and Valenziano, L. and Vassallo, T. and Wang, Y. and Weller, J. and Zamorani, G. and Zoubian, J. and Andreon, S. and Bardelli, S. and Colodro-Conde, C. and Di Ferdinando, D. and Graci{\'{a}}-Carpio, J. and Lindholm, V. and Mauri, N. and Mei, S. and Scottez, V. and Zucca, E. and Baccigalupi, C. and Ballardini, M. and Bernardeau, F. and Biviano, A. and Borgani, S. and Borlaff, A. S. and Burigana, C. and Cappi, A. and Carvalho, C. S. and Casas, S. and Castignani, G. and Cooray, A. R. and Coupon, J. and Courtois, H. M. and Davini, S. and De Lucia, G. and Desprez, G. and Escartin, J. A. and Escoffier, S. and Fabricius, M. and Farina, M. and Fontana, A. and Ganga, K. and Garcia-Bellido, J. and George, K. and Gozaliasl, G. and Hildebrandt, H. and Hook, I. and Ilbert, O. and Ili{\'{c}}, S. and Joachimi, B. and Kansal, V. and Keihanen, E. and Kirkpatrick, C. C. and Loureiro, A. and Macias-Perez, J. and Magliocchetti, M. and Maoli, R. and Marcin, S. and Martinelli, M. and Martinet, N. and Maturi, M. and Monaco, P. and Morgante, G. and Nadathur, S. and Nucita, A. A. and Patrizii, L. and Popa, V. and Porciani, C. and Potter, D. and Pourtsidou, A. and P{\"{o}}ntinen, M. and Reimberg, P. and S{\'{a}}nchez, A. G. and Sakr, Z. and Schirmer, M. and Sefusatti, E. and Sereno, M. and Stadel, J. and Teyssier, R. and Valiviita, J. and van Mierlo, S. E. and Veropalumbo, A. and Viel, M. and Weaver, J. R. and Scott, D.},
    month = {9},
    url = {http://arxiv.org/abs/2209.12907},
    arxivId = {2209.12907}
}

@article{dekel_09a,
    title = {{FORMATION OF MASSIVE GALAXIES AT HIGH REDSHIFT: COLD STREAMS, CLUMPY DISKS, AND COMPACT SPHEROIDS}},
    year = {2009},
    journal = {The Astrophysical Journal},
    author = {Dekel, Avishai and Sari, Re'em and Ceverino, Daniel},
    number = {1},
    month = {9},
    pages = {785--801},
    volume = {703},
    doi = {10.1088/0004-637X/703/1/785},
    issn = {0004-637X}
}

@article{genzel_2008,
    title = {{From Rings to Bulges: Evidence for Rapid Secular Galaxy Evolution at <i>z</i> ∼ 2 from Integral Field Spectroscopy in the SINS Survey}},
    year = {2008},
    journal = {The Astrophysical Journal},
    author = {Genzel, R. and Burkert, A. and Bouch{\'{e}}, N. and Cresci, G. and F{\"{o}}rster Schreiber, N. M. and Shapley, A. and Shapiro, K. and Tacconi, L. J. and Buschkamp, P. and Cimatti, A. and Daddi, E. and Davies, R. and Eisenhauer, F. and Erb, D. K. and Genel, S. and Gerhard, O. and Hicks, E. and Lutz, D. and Naab, T. and Ott, T. and Rabien, S. and Renzini, A. and Steidel, C. C. and Sternberg, A. and Lilly, S. J.},
    number = {1},
    month = {11},
    pages = {59--77},
    volume = {687},
    doi = {10.1086/591840},
    issn = {0004-637X}
}

@book{binney_and_merrifield,
    title = {{Galactic astronomy}},
    year = {1998},
    author = {Binney, James and Merrifield, Michael},
    pages = {796},
    publisher = {Princeton University Press},
    url = {https://press.princeton.edu/titles/6358.html},
    isbn = {9780691025650}
}

@article{galapagos,
    title = {{Galapagos-2/Galfitm/Gama – Multi-wavelength measurement of galaxy structure: Separating the properties of spheroid and disk components in modern surveys}},
    year = {2022},
    journal = {Astronomy {\&} Astrophysics},
    author = {H{\"{a}}u{\ss}ler, Boris and Vika, Marina and Bamford, Steven P. and Johnston, Evelyn J. and Brough, Sarah and Casura, Sarah and Holwerda, Benne W. and Kelvin, Lee S. and Popescu, Cristina},
    month = {8},
    pages = {A92},
    volume = {664},
    doi = {10.1051/0004-6361/202142935},
    issn = {0004-6361}
}

@article{liske_15,
    title = {{Galaxy And Mass Assembly (GAMA): end of survey report and data release 2}},
    year = {2015},
    journal = {Monthly Notices of the Royal Astronomical Society},
    author = {Liske, J. and Baldry, I. K. and Driver, S. P. and Tuffs, R. J. and Alpaslan, M. and Andrae, E. and Brough, S. and Cluver, M. E. and Grootes, M. W. and Gunawardhana, M. L. P. and Kelvin, L. S. and Loveday, J. and Robotham, A. S. G. and Taylor, E. N. and Bamford, S. P. and Bland-Hawthorn, J. and Brown, M. J. I. and Drinkwater, M. J. and Hopkins, A. M. and Meyer, M. J. and Norberg, P. and Peacock, J. A. and Agius, N. K. and Andrews, S. K. and Bauer, A. E. and Ching, J. H. Y. and Colless, M. and Conselice, C. J. and Croom, S. M. and Davies, L. J. M. and De Propris, R. and Dunne, L. and Eardley, E. M. and Ellis, S. and Foster, C. and Frenk, C. S. and H{\"{a}}u{\ss}ler, B. and Holwerda, B. W. and Howlett, C. and Ibarra, H. and Jarvis, M. J. and Jones, D. H. and Kafle, P. R. and Lacey, C. G. and Lange, R. and Lara-L{\'{o}}pez, M. A. and L{\'{o}}pez-S{\'{a}}nchez, Á. R. and Maddox, S. and Madore, B. F. and McNaught-Roberts, T. and Moffett, A. J. and Nichol, R. C. and Owers, M. S. and Palamara, D. and Penny, S. J. and Phillipps, S. and Pimbblet, K. A. and Popescu, C. C. and Prescott, M. and Proctor, R. and Sadler, E. M. and Sansom, A. E. and Seibert, M. and Sharp, R. and Sutherland, W. and V{\'{a}}zquez-Mata, J. A. and van Kampen, E. and Wilkins, S. M. and Williams, R. and Wright, A. H.},
    number = {2},
    month = {9},
    pages = {2087--2126},
    volume = {452},
    doi = {10.1093/mnras/stv1436},
    issn = {0035-8711}
}

@article{gamornet_paper,
    title = {{Galaxy Morphology Network: A Convolutional Neural Network Used to Study Morphology and Quenching in ∼100,000 SDSS and ∼20,000 CANDELS Galaxies}},
    year = {2020},
    journal = {The Astrophysical Journal},
    author = {Ghosh, Aritra and Urry, C. Megan and Wang, Zhengdong and Schawinski, Kevin and Turp, Dennis and Powell, Meredith C.},
    number = {2},
    month = {6},
    pages = {112},
    volume = {895},
    url = {https://iopscience.iop.org/article/10.3847/1538-4357/ab8a47},
    doi = {10.3847/1538-4357/ab8a47},
    issn = {1538-4357}
}

@article{wuyts_11,
    title = {{GALAXY STRUCTURE AND MODE OF STAR FORMATION IN THE SFR-MASS PLANE FROM z ∼ 2.5 TO z ∼ 0.1}},
    year = {2011},
    journal = {The Astrophysical Journal},
    author = {Wuyts, Stijn and F{\"{o}}rster Schreiber, Natascha M. and van der Wel, Arjen and Magnelli, Benjamin and Guo, Yicheng and Genzel, Reinhard and Lutz, Dieter and Aussel, Hervé and Barro, Guillermo and Berta, Stefano and Cava, Antonio and Graci{\'{a}}-Carpio, Javier and Hathi, Nimish P. and Huang, Kuang-Han and Kocevski, Dale D. and Koekemoer, Anton M. and Lee, Kyoung-Soo and Le Floc'h, Emeric and McGrath, Elizabeth J. and Nordon, Raanan and Popesso, Paola and Pozzi, Francesca and Riguccini, Laurie and Rodighiero, Giulia and Saintonge, Amelie and Tacconi, Linda},
    number = {2},
    month = {12},
    pages = {96},
    volume = {742},
    url = {https://iopscience.iop.org/article/10.1088/0004-637X/742/2/96},
    doi = {10.1088/0004-637X/742/2/96},
    issn = {0004-637X}
}

@article{walmsley_decals,
    title = {{Galaxy Zoo DECaLS: Detailed visual morphology measurements from volunteers and deep learning for 314 000 galaxies}},
    year = {2021},
    journal = {Monthly Notices of the Royal Astronomical Society},
    author = {Walmsley, Mike and Lintott, Chris and G{\'{e}}ron, Tobias and Kruk, Sandor and Krawczyk, Coleman and Willett, Kyle W and Bamford, Steven and Kelvin, Lee S and Fortson, Lucy and Gal, Yarin and Keel, William and Masters, Karen L and Mehta, Vihang and Simmons, Brooke D and Smethurst, Rebecca and Smith, Lewis and Baeten, Elisabeth M and Macmillan, Christine},
    number = {3},
    month = {12},
    pages = {3966--3988},
    volume = {509},
    doi = {10.1093/mnras/stab2093},
    issn = {0035-8711}
}

@article{gampen_software_paper,
    title = {{GaMPEN: A Machine-learning Framework for Estimating Bayesian Posteriors of Galaxy Morphological Parameters}},
    year = {2022},
    journal = {The Astrophysical Journal},
    author = {Ghosh, Aritra and Urry, C. Megan and Rau, Amrit and Perreault-Levasseur, Laurence and Cranmer, Miles and Schawinski, Kevin and Stark, Dominic and Tian, Chuan and Ofman, Ryan and Ananna, Tonima Tasnim and Auge, Connor and Cappelluti, Nico and Sanders, David B. and Treister, Ezequiel},
    number = {2},
    month = {8},
    pages = {138},
    volume = {935},
    url = {https://iopscience.iop.org/article/10.3847/1538-4357/ac7f9e},
    doi = {10.3847/1538-4357/ac7f9e},
    issn = {0004-637X}
}

@misc{gampen_first_release,
    title = {{GaMPEN: First Stable Release}},
    year = {2023},
    author = {Ghosh, Aritra and Rau, Amrit and Mishra, Aayush},
    publisher = {Zenodo},
    url = {https://zenodo.org/record/7569024},
    doi = {10.5281/ZENODO.7569024}
}

@article{haussler_07,
    title = {{GEMS: Galaxy Fitting Catalogs and Testing Parametric Galaxy Fitting Codes: GALFIT and GIM2D}},
    year = {2007},
    journal = {The Astrophysical Journal Supplement Series},
    author = {Haussler, Boris and McIntosh, Daniel H. and Barden, Marco and Bell, Eric F. and Rix, Hans‐Walter and Borch, Andrea and Beckwith, Steven V. W. and Caldwell, John A. R. and Heymans, Catherine and Jahnke, Knud and Jogee, Shardha and Koposov, Sergey E. and Meisenheimer, Klaus and Sanchez, Sebastian F. and Somerville, Rachel S. and Wisotzki, Lutz and Wolf, Christian},
    number = {2},
    month = {10},
    pages = {615--633},
    volume = {172},
    publisher = {American Astronomical Society},
    url = {https://iopscience.iop.org/article/10.1086/518836 https://iopscience.iop.org/article/10.1086/518836/meta},
    doi = {10.1086/518836},
    issn = {0067-0049},
    keywords = {Subject headingg s, catalogs-galaxies, data analysis-surveys Online material, general-galaxies, machine-readable table, photometry-galaxies, statistics-methods}
}

@misc{ignite,
    title = {{High-level library to help with training neural networks in PyTorch}},
    year = {2020},
    booktitle = {GitHub repository},
    author = {Fomin, V and Anmol, J and Desroziers, S and Kriss, J and Tejani, A},
    publisher = {GitHub},
    howpublished = {https://github.com/pytorch/ignite}
}

@article{bradshaw_13,
    title = {{High-velocity outflows from young star-forming galaxies in the UKIDSS Ultra-Deep Survey}},
    year = {2013},
    journal = {Monthly Notices of the Royal Astronomical Society},
    author = {Bradshaw, E. J. and Almaini, O. and Hartley, W. G. and Smith, K. T. and Conselice, C. J. and Dunlop, J. S. and Simpson, C. and Chuter, R. W. and Cirasuolo, M. and Foucaud, S. and McLure, R. J. and Mortlock, A. and Pearce, H.},
    number = {1},
    month = {7},
    pages = {194--208},
    volume = {433},
    doi = {10.1093/mnras/stt715},
    issn = {0035-8711}
}

@article{hsc_sersic,
    title = {{Hyper Suprime-Cam Subaru Strategic Program: A Mass-dependent Slope of the Galaxy Size−Mass Relation at z {\&}lt; 1}},
    year = {2021},
    journal = {The Astrophysical Journal},
    author = {Kawinwanichakij, Lalitwadee and Silverman, John D. and Ding, Xuheng and George, Angelo and Damjanov, Ivana and Sawicki, Marcin and Tanaka, Masayuki and Taranu, Dan S. and Birrer, Simon and Huang, Song and Li, Junyao and Onodera, Masato and Shibuya, Takatoshi and Yasuda, Naoki},
    number = {1},
    month = {11},
    pages = {38},
    volume = {921},
    url = {https://iopscience.iop.org/article/10.3847/1538-4357/ac1f21},
    doi = {10.3847/1538-4357/ac1f21},
    issn = {0004-637X}
}

@article{hsc_filters,
    title = {{Hyper Suprime-Cam: Filters}},
    year = {2018},
    journal = {Publications of the Astronomical Society of Japan},
    author = {Kawanomoto, Satoshi and Uraguchi, Fumihiro and Komiyama, Yutaka and Miyazaki, Satoshi and Furusawa, Hisanori and Finet, François and Hattori, Takashi and Wang, Shiang Yu and Yasuda, Naoki and Suzuki, Naotaka},
    number = {4},
    month = {8},
    pages = {66--67},
    volume = {70},
    publisher = {Oxford Academic},
    url = {https://academic.oup.com/pasj/article/70/4/66/5045845},
    doi = {10.1093/PASJ/PSY056},
    issn = {0004-6264},
    keywords = {Instrumentation: miscellaneous, Techniques: image processing, Techniques: miscellaneous, miscellaneous-techniques}
}

@article{lsst,
    title = {{LSST: From Science Drivers to Reference Design and Anticipated Data Products}},
    year = {2019},
    journal = {The Astrophysical Journal},
    author = {Ivezi{\'{c}}, Zeljko and Kahn, Steven M. and Tyson, J. Anthony and Abel, Bob and Acosta, Emily and Allsman, Robyn and Alonso, David and AlSayyad, Yusra and Anderson, Scott F. and Andrew, John and P. Angel, James Roger and Angeli, George Z. and Ansari, Reza and Antilogus, Pierre and Araujo, Constanza and Armstrong, Robert and Arndt, Kirk T. and Astier, Pierre and Aubourg, Éric and Auza, Nicole and Axelrod, Tim S. and Bard, Deborah J. and Barr, Jeff D. and Barrau, Aurelian and Bartlett, James G. and Bauer, Amanda E. and Bauman, Brian J. and Baumont, Sylvain and Bechtol, Ellen and Bechtol, Keith and Becker, Andrew C. and Becla, Jacek and Beldica, Cristina and Bellavia, Steve and Bianco, Federica B. and Biswas, Rahul and Blanc, Guillaume and Blazek, Jonathan and Blandford, Roger D. and Bloom, Josh S. and Bogart, Joanne and Bond, Tim W. and Booth, Michael T. and Borgland, Anders W. and Borne, Kirk and Bosch, James F. and Boutigny, Dominique and Brackett, Craig A. and Bradshaw, Andrew and Brandt, William Nielsen and Brown, Michael E. and Bullock, James S. and Burchat, Patricia and Burke, David L. and Cagnoli, Gianpietro and Calabrese, Daniel and Callahan, Shawn and Callen, Alice L. and Carlin, Jeffrey L. and Carlson, Erin L. and Chandrasekharan, Srinivasan and Charles-Emerson, Glenaver and Chesley, Steve and Cheu, Elliott C. and Chiang, Hsin-Fang and Chiang, James and Chirino, Carol and Chow, Derek and Ciardi, David R. and Claver, Charles F. and Cohen-Tanugi, Johann and Cockrum, Joseph J. and Coles, Rebecca and Connolly, Andrew J. and Cook, Kem H. and Cooray, Asantha and Covey, Kevin R. and Cribbs, Chris and Cui, Wei and Cutri, Roc and Daly, Philip N. and Daniel, Scott F. and Daruich, Felipe and Daubard, Guillaume and Daues, Greg and Dawson, William and Delgado, Francisco and Dellapenna, Alfred and Peyster, Robert de and Val-Borro, Miguel de and Digel, Seth W. and Doherty, Peter and Dubois, Richard and Dubois-Felsmann, Gregory P. and Durech, Josef and Economou, Frossie and Eifler, Tim and Eracleous, Michael and Emmons, Benjamin L. and Neto, Angelo Fausti and Ferguson, Henry and Figueroa, Enrique and Fisher-Levine, Merlin and Focke, Warren and Foss, Michael D. and Frank, James and Freemon, Michael D. and Gangler, Emmanuel and Gawiser, Eric and Geary, John C. and Gee, Perry and Geha, Marla and Gessner, Charles J. B. and Gibson, Robert R. and Gilmore, D. Kirk and Glanzman, Thomas and Glick, William and Goldina, Tatiana and Goldstein, Daniel A. and Goodenow, Iain and Graham, Melissa L. and Gressler, William J. and Gris, Philippe and Guy, Leanne P. and Guyonnet, Augustin and Haller, Gunther and Harris, Ron and Hascall, Patrick A. and Haupt, Justine and Hernandez, Fabio and Herrmann, Sven and Hileman, Edward and Hoblitt, Joshua and Hodgson, John A. and Hogan, Craig and Howard, James D. and Huang, Dajun and Huffer, Michael E. and Ingraham, Patrick and Innes, Walter R. and Jacoby, Suzanne H. and Jain, Bhuvnesh and Jammes, Fabrice and Jee, James and Jenness, Tim and Jernigan, Garrett and Jevremovi{\'{c}}, Darko and Johns, Kenneth and Johnson, Anthony S. and Johnson, Margaret W. G. and Jones, R. Lynne and Juramy-Gilles, Claire and Juri{\'{c}}, Mario and Kalirai, Jason S. and Kallivayalil, Nitya J. and Kalmbach, Bryce and Kantor, Jeffrey P. and Karst, Pierre and Kasliwal, Mansi M. and Kelly, Heather and Kessler, Richard and Kinnison, Veronica and Kirkby, David and Knox, Lloyd and Kotov, Ivan V. and Krabbendam, Victor L. and Krughoff, K. Simon and Kub{\'{a}}nek, Petr and Kuczewski, John and Kulkarni, Shri and Ku, John and Kurita, Nadine R. and Lage, Craig S. and Lambert, Ron and Lange, Travis and Langton, J. Brian and Guillou, Laurent Le and Levine, Deborah and Liang, Ming and Lim, Kian-Tat and Lintott, Chris J. and Long, Kevin E. and Lopez, Margaux and Lotz, Paul J. and Lupton, Robert H. and Lust, Nate B. and MacArthur, Lauren A. and Mahabal, Ashish and Mandelbaum, Rachel and Markiewicz, Thomas W. and Marsh, Darren S. and Marshall, Philip J. and Marshall, Stuart and May, Morgan and McKercher, Robert and McQueen, Michelle and Meyers, Joshua and Migliore, Myriam and Miller, Michelle and Mills, David J. and Miraval, Connor and Moeyens, Joachim and Moolekamp, Fred E. and Monet, David G. and Moniez, Marc and Monkewitz, Serge and Montgomery, Christopher and Morrison, Christopher B. and Mueller, Fritz and Muller, Gary P. and Arancibia, Freddy Muñoz and Neill, Douglas R. and Newbry, Scott P. and Nief, Jean-Yves and Nomerotski, Andrei and Nordby, Martin and O’Connor, Paul and Oliver, John and Olivier, Scot S. and Olsen, Knut and O’Mullane, William and Ortiz, Sandra and Osier, Shawn and Owen, Russell E. and Pain, Reynald and Palecek, Paul E. and Parejko, John K. and Parsons, James B. and Pease, Nathan M. and Peterson, J. Matt and Peterson, John R. and Petravick, Donald L. and Petrick, M. E. Libby and Petry, Cathy E. and Pierfederici, Francesco and Pietrowicz, Stephen and Pike, Rob and Pinto, Philip A. and Plante, Raymond and Plate, Stephen and Plutchak, Joel P. and Price, Paul A. and Prouza, Michael and Radeka, Veljko and Rajagopal, Jayadev and Rasmussen, Andrew P. and Regnault, Nicolas and Reil, Kevin A. and Reiss, David J. and Reuter, Michael A. and Ridgway, Stephen T. and Riot, Vincent J. and Ritz, Steve and Robinson, Sean and Roby, William and Roodman, Aaron and Rosing, Wayne and Roucelle, Cecille and Rumore, Matthew R. and Russo, Stefano and Saha, Abhijit and Sassolas, Benoit and Schalk, Terry L. and Schellart, Pim and Schindler, Rafe H. and Schmidt, Samuel and Schneider, Donald P. and Schneider, Michael D. and Schoening, William and Schumacher, German and Schwamb, Megan E. and Sebag, Jacques and Selvy, Brian and Sembroski, Glenn H. and Seppala, Lynn G. and Serio, Andrew and Serrano, Eduardo and Shaw, Richard A. and Shipsey, Ian and Sick, Jonathan and Silvestri, Nicole and Slater, Colin T. and Smith, J. Allyn and Smith, R. Chris and Sobhani, Shahram and Soldahl, Christine and Storrie-Lombardi, Lisa and Stover, Edward and Strauss, Michael A. and Street, Rachel A. and Stubbs, Christopher W. and Sullivan, Ian S. and Sweeney, Donald and Swinbank, John D. and Szalay, Alexander and Takacs, Peter and Tether, Stephen A. and Thaler, Jon J. and Thayer, John Gregg and Thomas, Sandrine and Thornton, Adam J. and Thukral, Vaikunth and Tice, Jeffrey and Trilling, David E. and Turri, Max and Berg, Richard Van and Berk, Daniel Vanden and Vetter, Kurt and Virieux, Francoise and Vucina, Tomislav and Wahl, William and Walkowicz, Lucianne and Walsh, Brian and Walter, Christopher W. and Wang, Daniel L. and Wang, Shin-Yawn and Warner, Michael and Wiecha, Oliver and Willman, Beth and Winters, Scott E. and Wittman, David and Wolff, Sidney C. and Wood-Vasey, W. Michael and Wu, Xiuqin and Xin, Bo and Yoachim, Peter and Zhan, Hu},
    number = {2},
    month = {3},
    pages = {111},
    volume = {873},
    doi = {10.3847/1538-4357/ab042c},
    issn = {1538-4357}
}

@article{matplotlib,
    title = {{Matplotlib: A 2D Graphics Environment}},
    year = {2007},
    journal = {Computing in Science {\&} Engineering},
    author = {Hunter, John D.},
    number = {3},
    pages = {90--95},
    volume = {9},
    doi = {10.1109/MCSE.2007.55},
    issn = {1521-9615}
}

@article{ml_pz,
    title = {{Measuring photometric redshifts using galaxy images and Deep Neural Networks}},
    year = {2016},
    journal = {Astronomy and Computing},
    author = {Hoyle, B.},
    month = {7},
    pages = {34--40},
    volume = {16},
    publisher = {Elsevier},
    url = {https://www.sciencedirect.com/science/article/pii/S221313371630021X},
    doi = {10.1016/j.ascom.2016.03.006},
    issn = {22131337},
    keywords = {Astronomy, Cosmology, Machine learning}
}

@inproceedings{taori_20,
    title = {{Measuring Robustness to Natural Distribution Shifts in Image Classification}},
    year = {2020},
    booktitle = {Advances in Neural Information Processing Systems},
    author = {Taori, Rohan and Dave, Achal and Shankar, Vaishaal and Carlini, Nicholas and Recht, Benjamin and Schmidt, Ludwig},
    editor = {Larochelle, H and Ranzato, M and Hadsell, R and Balcan, M F and Lin, H},
    pages = {18583--18599},
    volume = {33},
    publisher = {Curran Associates, Inc.},
    url = {https://proceedings.neurips.cc/paper/2020/file/d8330f857a17c53d217014ee776bfd50-Paper.pdf},
    arxivId = {2007.00644}
}

@article{morfometryka,
    title = {{MORFOMETRYKA—A NEW WAY OF ESTABLISHING MORPHOLOGICAL CLASSIFICATION OF GALAXIES}},
    year = {2015},
    journal = {The Astrophysical Journal},
    author = {Ferrari, F. and Carvalho, R. R. de and Trevisan, M.},
    number = {1},
    month = {11},
    pages = {55},
    volume = {814},
    doi = {10.1088/0004-637X/814/1/55},
    issn = {1538-4357}
}

@article{powell_17,
    title = {{MORPHOLOGY AND THE COLOR–MASS DIAGRAM AS CLUES TO GALAXY EVOLUTION AT z ∼ 1}},
    year = {2017},
    journal = {The Astrophysical Journal},
    author = {Powell, Meredith C. and Urry, C. Megan and Cardamone, Carolin N. and Simmons, Brooke D. and Schawinski, Kevin and Young, Sydney and Kawakatsu, Mari},
    number = {1},
    month = {1},
    pages = {22},
    volume = {835},
    url = {https://iopscience.iop.org/article/10.3847/1538-4357/835/1/22},
    doi = {10.3847/1538-4357/835/1/22},
    issn = {1538-4357}
}

@article{mizuki,
    title = {{PHOTOMETRIC REDSHIFT WITH BAYESIAN PRIORS ON PHYSICAL PROPERTIES OF GALAXIES}},
    year = {2015},
    journal = {The Astrophysical Journal},
    author = {Tanaka, Masayuki},
    number = {1},
    month = {2},
    pages = {20},
    volume = {801},
    doi = {10.1088/0004-637X/801/1/20},
    issn = {1538-4357}
}

@article{photoz_hsc_pdr2,
    title = {{Photometric Redshifts for the Hyper Suprime-Cam Subaru Strategic Program Data Release 2}},
    year = {2020},
    journal = {Publ. Astron. Soc. Japan},
    author = {Nishizawa, Atsushi J. and Hsieh, Bau-Ching and Tanaka, Masayuki and Takata, Tadafumi},
    number = {0},
    month = {2},
    pages = {1--12},
    url = {https://arxiv.org/abs/2003.01511v2},
    doi = {10.48550/arxiv.2003.01511},
    arxivId = {2003.01511},
    keywords = {cosmology: observations, galaxies: distances and redshifts, galaxies: general, surveys}
}

@article{planck18,
    title = {{Planck 2018 results. VI. Cosmological parameters}},
    year = {2018},
    journal = {Astronomy and Astrophysics},
    author = {{Planck Collaboration} and Aghanim, N. and Akrami, Y. and Ashdown, M. and Aumont, J. and Baccigalupi, C. and Ballardini, M. and Banday, A. J. and Barreiro, R. B. and Bartolo, N. and Basak, S. and Battye, R. and Benabed, K. and Bernard, J. -P. and Bersanelli, M. and Bielewicz, P. and Bock, J. J. and Bond, J. R. and Borrill, J. and Bouchet, F. R. and Boulanger, F. and Bucher, M. and Burigana, C. and Butler, R. C. and Calabrese, E. and Cardoso, J. -F. and Carron, J. and Challinor, A. and Chiang, H. C. and Chluba, J. and Colombo, L. P. L. and Combet, C. and Contreras, D. and Crill, B. P. and Cuttaia, F. and de Bernardis, P. and de Zotti, G. and Delabrouille, J. and Delouis, J. -M. and Di Valentino, E. and Diego, J. M. and Dor{\'{e}}, O. and Douspis, M. and Ducout, A. and Dupac, X. and Dusini, S. and Efstathiou, G. and Elsner, F. and En{\ss}lin, T. A. and Eriksen, H. K. and Fantaye, Y. and Farhang, M. and Fergusson, J. and Fernandez-Cobos, R. and Finelli, F. and Forastieri, F. and Frailis, M. and Fraisse, A. A. and Franceschi, E. and Frolov, A. and Galeotta, S. and Galli, S. and Ganga, K. and G{\'{e}}nova-Santos, R. T. and Gerbino, M. and Ghosh, T. and Gonz{\'{a}}lez-Nuevo, J. and G{\'{o}}rski, K. M. and Gratton, S. and Gruppuso, A. and Gudmundsson, J. E. and Hamann, J. and Handley, W. and Hansen, F. K. and Herranz, D. and Hildebrandt, S. R. and Hivon, E. and Huang, Z. and Jaffe, A. H. and Jones, W. C. and Karakci, A. and Keih{\"{a}}nen, E. and Keskitalo, R. and Kiiveri, K. and Kim, J. and Kisner, T. S. and Knox, L. and Krachmalnicoff, N. and Kunz, M. and Kurki-Suonio, H. and Lagache, G. and Lamarre, J. -M. and Lasenby, A. and Lattanzi, M. and Lawrence, C. R. and Jeune, M. Le and Lemos, P. and Lesgourgues, J. and Levrier, F. and Lewis, A. and Liguori, M. and Lilje, P. B. and Lilley, M. and Lindholm, V. and L{\'{o}}pez-Caniego, M. and Lubin, P. M. and Ma, Y. -Z. and Mac{\'{i}}as-P{\'{e}}rez, J. F. and Maggio, G. and Maino, D. and Mandolesi, N. and Mangilli, A. and Marcos-Caballero, A. and Maris, M. and Martin, P. G. and Martinelli, M. and Mart{\'{i}}nez-Gonz{\'{a}}lez, E. and Matarrese, S. and Mauri, N. and McEwen, J. D. and Meinhold, P. R. and Melchiorri, A. and Mennella, A. and Migliaccio, M. and Millea, M. and Mitra, S. and Miville-Desch{\^{e}}nes, M. -A. and Molinari, D. and Montier, L. and Morgante, G. and Moss, A. and Natoli, P. and N{\o}rgaard-Nielsen, H. U. and Pagano, L. and Paoletti, D. and Partridge, B. and Patanchon, G. and Peiris, H. V. and Perrotta, F. and Pettorino, V. and Piacentini, F. and Polastri, L. and Polenta, G. and Puget, J. -L. and Rachen, J. P. and Reinecke, M. and Remazeilles, M. and Renzi, A. and Rocha, G. and Rosset, C. and Roudier, G. and Rubi{\~{n}}o-Mart{\'{i}}n, J. A. and Ruiz-Granados, B. and Salvati, L. and Sandri, M. and Savelainen, M. and Scott, D. and Shellard, E. P. S. and Sirignano, C. and Sirri, G. and Spencer, L. D. and Sunyaev, R. and Suur-Uski, A. -S. and Tauber, J. A. and Tavagnacco, D. and Tenti, M. and Toffolatti, L. and Tomasi, M. and Trombetti, T. and Valenziano, L. and Valiviita, J. and Van Tent, B. and Vibert, L. and Vielva, P. and Villa, F. and Vittorio, N. and Wandelt, B. D. and Wehus, I. K. and White, M. and White, S. D. M. and Zacchei, A. and Zonca, A.},
    month = {7},
    volume = {641},
    publisher = {EDP Sciences},
    url = {http://arxiv.org/abs/1807.06209 http://dx.doi.org/10.1051/0004-6361/201833910},
    doi = {10.1051/0004-6361/201833910},
    arxivId = {1807.06209v4},
    keywords = {Cosmic background radiation, Cosmological parameters}
}

@article{profit,
    title = {{ProFit: Bayesian profile fitting of galaxy images}},
    year = {2017},
    journal = {Monthly Notices of the Royal Astronomical Society},
    author = {Robotham, A. S. G. and Taranu, D. S. and Tobar, R. and Moffett, A. and Driver, S. P.},
    number = {2},
    month = {4},
    pages = {1513--1541},
    volume = {466},
    doi = {10.1093/mnras/stw3039},
    issn = {0035-8711}
}

@incollection{pytorch,
    title = {{PyTorch: An Imperative Style, High-Performance Deep Learning Library}},
    year = {2019},
    booktitle = {Advances in Neural Information Processing Systems 32},
    author = {Paszke, Adam and Gross, Sam and Massa, Francisco and Lerer, Adam and Bradbury, James and Chanan, Gregory and Killeen, Trevor and Lin, Zeming and Gimelshein, Natalia and Antiga, Luca and Desmaison, Alban and Kopf, Andreas and Yang, Edward and DeVito, Zachary and Raison, Martin and Tejani, Alykhan and Chilamkurthy, Sasank and Steiner, Benoit and Fang, Lu and Bai, Junjie and Chintala, Soumith},
    editor = {Wallach, H and Larochelle, H and Beygelzimer, A and d Alch{\'{e}}-Buc, F and Fox, E and Garnett, R},
    pages = {8024--8035},
    publisher = {Curran Associates, Inc.}
}

@article{scikitlearn,
    title = {{Scikit-learn: Machine Learning in Python}},
    year = {2011},
    journal = {Journal of Machine Learning Research},
    author = {Pedregosa, F. and Varoquaux, G. and Gramfort, A. and Michel, V. and Thirion, B. and Grisel, O.},
    pages = {2825--2830},
    volume = {12}
}

@article{scikitlearnb,
    title = {{Scikit-learn: Machine Learning in Python}},
    year = {2011},
    journal = {Journal of Machine Learning Research},
    author = {Pedregosa, F. and Varoquaux, G. and Gramfort, A. and Michel, V. and Thirion, B. and Grisel, O.},
    pages = {2825--2830},
    volume = {12}
}

@article{hsc_pdr2,
    title = {{Second data release of the Hyper Suprime-Cam Subaru Strategic Program}},
    year = {2019},
    journal = {Publications of the Astronomical Society of Japan},
    author = {Aihara, Hiroaki and Alsayyad, Yusra and Ando, Makoto and Armstrong, Robert and Bosch, James and Egami, Eiichi and Furusawa, Hisanori and Furusawa, Junko and Goulding, Andy and Harikane, Yuichi and Hikage, Chiaki and Ho, Paul T.P. and Hsieh, Bau Ching and Huang, Song and Ikeda, Hiroyuki and Imanishi, Masatoshi and Ito, Kei and Iwata, Ikuru and Jaelani, Anton T. and Kakuma, Ryota and Kawana, Kojiro and Kikuta, Satoshi and Kobayashi, Umi and Koike, Michitaro and Komiyama, Yutaka and Li, Xiangchong and Liang, Yongming and Lin, Yen Ting and Luo, Wentao and Lupton, Robert and Lust, Nate B. and Macarthur, Lauren A. and Matsuoka, Yoshiki and Mineo, Sogo and Miyatake, Hironao and Miyazaki, Satoshi and More, Surhud and Murata, Ryoma and Namiki, Shigeru V. and Nishizawa, Atsushi J. and Oguri, Masamune and Okabe, Nobuhiro and Okamoto, Sakurako and Okura, Yuki and Ono, Yoshiaki and Onodera, Masato and Onoue, Masafusa and Osato, Ken and Ouchi, Masami and Shibuya, Takatoshi and Strauss, Michael A. and Sugiyama, Naoshi and Suto, Yasushi and Takada, Masahiro and Takagi, Yuhei and Takata, Tadafumi and Takita, Satoshi and Tanaka, Masayuki and Terai, Tsuyoshi and Toba, Yoshiki and Uchiyama, Hisakazu and Utsumi, Yousuke and Wang, Shiang Yu and Wang, Wenting and Yamada, Yoshihiko},
    number = {6},
    month = {12},
    pages = {114--115},
    volume = {71},
    publisher = {Oxford Academic},
    url = {https://academic.oup.com/pasj/article/71/6/114/5602617},
    doi = {10.1093/PASJ/PSZ103},
    issn = {0004-6264},
    arxivId = {1905.12221},
    keywords = {Astronomical databases: miscellaneous, Cosmology: observations, Galaxies: general, Surveys}
}

@article{kormendy_2004,
    title = {{Secular Evolution and the Formation of Pseudobulges in Disk Galaxies}},
    year = {2004},
    journal = {Annual Review of Astronomy and Astrophysics},
    author = {Kormendy, John and Kennicutt, Robert C.},
    number = {1},
    month = {9},
    pages = {603--683},
    volume = {42},
    doi = {10.1146/annurev.astro.42.053102.134024},
    issn = {0066-4146}
}

@article{sellwood_2014,
    title = {{Secular evolution in disk galaxies}},
    year = {2014},
    journal = {Reviews of Modern Physics},
    author = {Sellwood, J. A.},
    number = {1},
    month = {1},
    pages = {1--46},
    volume = {86},
    doi = {10.1103/RevModPhys.86.1},
    issn = {0034-6861}
}

@article{s_extract,
    title = {{SExtractor: Software for source extraction}},
    year = {1996},
    journal = {Astronomy and Astrophysics Supplement Series},
    author = {Bertinl, E.},
    number = {2},
    month = {6},
    pages = {393--404},
    volume = {117},
    url = {http://aas.aanda.org/10.1051/aas:1996164},
    doi = {10.1051/aas:1996164},
    issn = {03650138},
    keywords = {Galaxies: Photometry, Methods: Data analysis, Techniques: Image processing}
}

@incollection{spearman,
    title = {{Spearman Rank Correlation Coefficient}},
    year = {2008},
    booktitle = {The Concise Encyclopedia of Statistics},
    author = {Dodge, Yadolah},
    pages = {502--505},
    publisher = {Springer New York},
    url = {https://doi.org/10.1007/978-0-387-32833-1_379},
    address = {New York, NY},
    isbn = {978-0-387-32833-1},
    doi = {10.1007/978-0-387-32833-1{\_}379}
}

@article{ml_sz,
    title = {{Star-galaxy classification using deep convolutional neural networks}},
    year = {2017},
    journal = {Monthly Notices of the Royal Astronomical Society},
    author = {Kim, Edward J. and Brunner, Robert J.},
    number = {4},
    month = {2},
    pages = {4463--4475},
    volume = {464},
    publisher = {Oxford University Press},
    url = {https://academic.oup.com/mnras/article-lookup/doi/10.1093/mnras/stw2672},
    doi = {10.1093/mnras/stw2672},
    issn = {13652966},
    keywords = {Galaxies: statistics, Methods: data analysis, Methods: statistical, Stars: statistics, Surveys, Techniques: image processing}
}

@article{vdw_12,
    title = {{Structural parameters of galaxies in candels}},
    year = {2012},
    journal = {Astrophysical Journal, Supplement Series},
    author = {Van Der Wel, A. and Bell, E. F. and H{\"{a}}ussler, B. and McGrath, E. J. and Chang, Yu Yen and Guo, Yicheng and McIntosh, D. H. and Rix, H. W. and Barden, M. and Cheung, E. and Faber, S. M. and Ferguson, H. C. and Galametz, A. and Grogin, N. A. and Hartley, W. and Kartaltepe, J. S. and Kocevski, D. D. and Koekemoer, A. M. and Lotz, J. and Mozena, M. and Peth, M. A. and Peng, Chien Y.},
    number = {2},
    month = {12},
    pages = {24},
    volume = {203},
    publisher = {IOP Publishing},
    url = {http://stacks.iop.org/0067-0049/203/i=2/a=24},
    doi = {10.1088/0067-0049/203/2/24},
    issn = {00670049},
    keywords = {catalogs, galaxies: high-redshift, galaxies: statistics, galaxies: structure surveys}
}

@article{vdw_12b,
    title = {{Structural parameters of galaxies in candels}},
    year = {2012},
    journal = {Astrophysical Journal, Supplement Series},
    author = {Van Der Wel, A. and Bell, E. F. and H{\"{a}}ussler, B. and McGrath, E. J. and Chang, Yu Yen and Guo, Yicheng and McIntosh, D. H. and Rix, H. W. and Barden, M. and Cheung, E. and Faber, S. M. and Ferguson, H. C. and Galametz, A. and Grogin, N. A. and Hartley, W. and Kartaltepe, J. S. and Kocevski, D. D. and Koekemoer, A. M. and Lotz, J. and Mozena, M. and Peth, M. A. and Peng, Chien Y.},
    number = {2},
    month = {12},
    pages = {24},
    volume = {203},
    publisher = {IOP Publishing},
    url = {http://stacks.iop.org/0067-0049/203/i=2/a=24},
    doi = {10.1088/0067-0049/203/2/24},
    issn = {00670049},
    keywords = {catalogs, galaxies: high-redshift, galaxies: statistics, galaxies: structure surveys}
}

@article{shimakawa_2021,
    title = {{Subaru Hyper Suprime-Cam revisits the large-scale environmental dependence on galaxy morphology over 360 deg2 at <i>z</i> = 0.3–0.6}},
    year = {2021},
    journal = {Publications of the Astronomical Society of Japan},
    author = {Shimakawa, Rhythm and Tanaka, Takumi S and Toshikage, Seiji and Tanaka, Masayuki},
    number = {6},
    month = {12},
    pages = {1575--1588},
    volume = {73},
    url = {https://academic.oup.com/pasj/article/73/6/1575/6406719},
    doi = {10.1093/pasj/psab097},
    issn = {0004-6264}
}

@article{momcheva_16,
    title = {{THE 3D-HST SURVEY: <i>HUBBLE SPACE TELESCOPE</i> WFC3/G141 GRISM SPECTRA, REDSHIFTS, AND EMISSION LINE MEASUREMENTS FOR ∼100,000 GALAXIES}},
    year = {2016},
    journal = {The Astrophysical Journal Supplement Series},
    author = {Momcheva, Ivelina G. and Brammer, Gabriel B. and van Dokkum, Pieter G. and Skelton, Rosalind E. and Whitaker, Katherine E. and Nelson, Erica J. and Fumagalli, Mattia and Maseda, Michael V. and Leja, Joel and Franx, Marijn and Rix, Hans-Walter and Bezanson, Rachel and Cunha, Elisabete Da and Dickey, Claire and Schreiber, Natascha M. Förster and Illingworth, Garth and Kriek, Mariska and Labb{\'{e}}, Ivo and Lange, Johannes Ulf and Lundgren, Britt F. and Magee, Daniel and Marchesini, Danilo and Oesch, Pascal and Pacifici, Camilla and Patel, Shannon G. and Price, Sedona and Tal, Tomer and Wake, David A. and van der Wel, Arjen and Wuyts, Stijn},
    number = {2},
    month = {8},
    pages = {27},
    volume = {225},
    doi = {10.3847/0067-0049/225/2/27},
    issn = {1538-4365}
}

@article{momcheva_16b,
    title = {{THE 3D-HST SURVEY: <i>HUBBLE SPACE TELESCOPE</i> WFC3/G141 GRISM SPECTRA, REDSHIFTS, AND EMISSION LINE MEASUREMENTS FOR ∼100,000 GALAXIES}},
    year = {2016},
    journal = {The Astrophysical Journal Supplement Series},
    author = {Momcheva, Ivelina G. and Brammer, Gabriel B. and van Dokkum, Pieter G. and Skelton, Rosalind E. and Whitaker, Katherine E. and Nelson, Erica J. and Fumagalli, Mattia and Maseda, Michael V. and Leja, Joel and Franx, Marijn and Rix, Hans-Walter and Bezanson, Rachel and Cunha, Elisabete Da and Dickey, Claire and Schreiber, Natascha M. Förster and Illingworth, Garth and Kriek, Mariska and Labb{\'{e}}, Ivo and Lange, Johannes Ulf and Lundgren, Britt F. and Magee, Daniel and Marchesini, Danilo and Oesch, Pascal and Pacifici, Camilla and Patel, Shannon G. and Price, Sedona and Tal, Tomer and Wake, David A. and van der Wel, Arjen and Wuyts, Stijn},
    number = {2},
    month = {8},
    pages = {27},
    volume = {225},
    doi = {10.3847/0067-0049/225/2/27},
    issn = {1538-4365}
}

@article{simmons_08,
    title = {{The Accuracy of Morphological Decomposition of Active Galactic Nucleus Host Galaxies}},
    year = {2008},
    journal = {The Astrophysical Journal},
    author = {Simmons, B. D. and Urry, C. M.},
    number = {2},
    month = {8},
    pages = {644--658},
    volume = {683},
    publisher = {IOP Publishing},
    url = {http://stacks.iop.org/0004-637X/683/i=2/a=644},
    doi = {10.1086/589827},
    issn = {0004-637X}
}

@article{astropy_2,
    title = {{The Astropy Project: Building an inclusive, open-science project and status of the v2.0 core package}},
    year = {2018},
    journal = {The Astronomical Journal},
    author = {Price-Whelan, A. M. and Sip{\H{o}}cz, B. M. and G{\"{u}}nther, H. M. and Lim, P. L. and Crawford, S. M. and Conseil, S. and Shupe, D. L. and Craig, M. W. and Dencheva, N. and Ginsburg, A. and VanderPlas, J. T. and Bradley, L. D. and P{\'{e}}rez-Su{\'{a}}rez, D. and de Val-Borro, M. and Aldcroft, T. L. and Cruz, K. L. and Robitaille, T. P. and Tollerud, E. J. and Ardelean, C. and Babej, T. and Bach, Y. P. and Bachetti, M. and Bakanov, A. V. and Bamford, S. P. and Barentsen, G. and Barmby, P. and Baumbach, A. and Berry, K. L. and Biscani, F. and Boquien, M. and Bostroem, K. A. and Bouma, L. G. and Brammer, G. B. and Bray, E. M. and Breytenbach, H. and Buddelmeijer, H. and Burke, D. J. and Calderone, G. and Rodr{\'{i}}guez, J. L. Cano and Cara, M. and Cardoso, J. V. M. and Cheedella, S. and Copin, Y. and Corrales, L. and Crichton, D. and D’Avella, D. and Deil, C. and Depagne, É. and Dietrich, J. P. and Donath, A. and Droettboom, M. and Earl, N. and Erben, T. and Fabbro, S. and Ferreira, L. A. and Finethy, T. and Fox, R. T. and Garrison, L. H. and Gibbons, S. L. J. and Goldstein, D. A. and Gommers, R. and Greco, J. P. and Greenfield, P. and Groener, A. M. and Grollier, F. and Hagen, A. and Hirst, P. and Homeier, D. and Horton, A. J. and Hosseinzadeh, G. and Hu, L. and Hunkeler, J. S. and Ivezi{\'{c}}, Ž. and Jain, A. and Jenness, T. and Kanarek, G. and Kendrew, S. and Kern, N. S. and Kerzendorf, W. E. and Khvalko, A. and King, J. and Kirkby, D. and Kulkarni, A. M. and Kumar, A. and Lee, A. and Lenz, D. and Littlefair, S. P. and Ma, Z. and Macleod, D. M. and Mastropietro, M. and McCully, C. and Montagnac, S. and Morris, B. M. and Mueller, M. and Mumford, S. J. and Muna, D. and Murphy, N. A. and Nelson, S. and Nguyen, G. H. and Ninan, J. P. and N{\"{o}}the, M. and Ogaz, S. and Oh, S. and Parejko, J. K. and Parley, N. and Pascual, S. and Patil, R. and Patil, A. A. and Plunkett, A. L. and Prochaska, J. X. and Rastogi, T. and Janga, V. Reddy and Sabater, J. and Sakurikar, P. and Seifert, M. and Sherbert, L. E. and Sherwood-Taylor, H. and Shih, A. Y. and Sick, J. and Silbiger, M. T. and Singanamalla, S. and Singer, L. P. and Sladen, P. H. and Sooley, K. A. and Sornarajah, S. and Streicher, O. and Teuben, P. and Thomas, S. W. and Tremblay, G. R. and Turner, J. E. H. and Terr{\'{o}}n, V. and Kerkwijk, M. H. van and de la Vega, A. and Watkins, L. L. and Weaver, B. A. and Whitmore, J. B. and Woillez, J. and Zabalza, V.},
    number = {3},
    month = {1},
    pages = {123},
    volume = {156},
    publisher = {American Astronomical Society},
    url = {https://arxiv.org/abs/1801.02634v2},
    doi = {10.3847/1538-3881/aabc4f},
    issn = {00046256},
    arxivId = {1801.02634}
}

@article{newman_13,
    title = {{THE DEEP2 GALAXY REDSHIFT SURVEY: DESIGN, OBSERVATIONS, DATA REDUCTION, AND REDSHIFTS}},
    year = {2013},
    journal = {The Astrophysical Journal Supplement Series},
    author = {Newman, Jeffrey A. and Cooper, Michael C. and Davis, Marc and Faber, S. M. and Coil, Alison L. and Guhathakurta, Puragra and Koo, David C. and Phillips, Andrew C. and Conroy, Charlie and Dutton, Aaron A. and Finkbeiner, Douglas P. and Gerke, Brian F. and Rosario, David J. and Weiner, Benjamin J. and Willmer, C. N. A. and Yan, Renbin and Harker, Justin J. and Kassin, Susan A. and Konidaris, N. P. and Lai, Kamson and Madgwick, Darren S. and Noeske, K. G. and Wirth, Gregory D. and Connolly, A. J. and Kaiser, N. and Kirby, Evan N. and Lemaux, Brian C. and Lin, Lihwai and Lotz, Jennifer M. and Luppino, G. A. and Marinoni, C. and Matthews, Daniel J. and Metevier, Anne and Schiavon, Ricardo P.},
    number = {1},
    month = {8},
    pages = {5},
    volume = {208},
    doi = {10.1088/0067-0049/208/1/5},
    issn = {0067-0049}
}

@article{alam_15,
    title = {{THE ELEVENTH AND TWELFTH DATA RELEASES OF THE SLOAN DIGITAL SKY SURVEY: FINAL DATA FROM SDSS-III}},
    year = {2015},
    journal = {The Astrophysical Journal Supplement Series},
    author = {Alam, Shadab and Albareti, Franco D. and Prieto, Carlos Allende and Anders, F. and Anderson, Scott F. and Anderton, Timothy and Andrews, Brett H. and Armengaud, Eric and Aubourg, Éric and Bailey, Stephen and Basu, Sarbani and Bautista, Julian E. and Beaton, Rachael L. and Beers, Timothy C. and Bender, Chad F. and Berlind, Andreas A. and Beutler, Florian and Bhardwaj, Vaishali and Bird, Jonathan C. and Bizyaev, Dmitry and Blake, Cullen H. and Blanton, Michael R. and Blomqvist, Michael and Bochanski, John J. and Bolton, Adam S. and Bovy, Jo and Bradley, A. Shelden and Brandt, W. N. and Brauer, D. E. and Brinkmann, J. and Brown, Peter J. and Brownstein, Joel R. and Burden, Angela and Burtin, Etienne and Busca, Nicolás G. and Cai, Zheng and Capozzi, Diego and Rosell, Aurelio Carnero and Carr, Michael A. and Carrera, Ricardo and Chambers, K. C. and Chaplin, William James and Chen, Yen-Chi and Chiappini, Cristina and Chojnowski, S. Drew and Chuang, Chia-Hsun and Clerc, Nicolas and Comparat, Johan and Covey, Kevin and Croft, Rupert A. C. and Cuesta, Antonio J. and Cunha, Katia and Costa, Luiz N. da and Rio, Nicola Da and Davenport, James R. A. and Dawson, Kyle S. and Lee, Nathan De and Delubac, Timothée and Deshpande, Rohit and Dhital, Saurav and Dutra-Ferreira, Letícia and Dwelly, Tom and Ealet, Anne and Ebelke, Garrett L. and Edmondson, Edward M. and Eisenstein, Daniel J. and Ellsworth, Tristan and Elsworth, Yvonne and Epstein, Courtney R. and Eracleous, Michael and Escoffier, Stephanie and Esposito, Massimiliano and Evans, Michael L. and Fan, Xiaohui and Fern{\'{a}}ndez-Alvar, Emma and Feuillet, Diane and Ak, Nurten Filiz and Finley, Hayley and Finoguenov, Alexis and Flaherty, Kevin and Fleming, Scott W. and Font-Ribera, Andreu and Foster, Jonathan and Frinchaboy, Peter M. and Galbraith-Frew, J. G. and Garc{\'{i}}a, Rafael A. and Garc{\'{i}}a-Hern{\'{a}}ndez, D. A. and P{\'{e}}rez, Ana E. García and Gaulme, Patrick and Ge, Jian and G{\'{e}}nova-Santos, R. and Georgakakis, A. and Ghezzi, Luan and Gillespie, Bruce A. and Girardi, Léo and Goddard, Daniel and Gontcho, Satya Gontcho A and Hern{\'{a}}ndez, Jonay I. González and Grebel, Eva K. and Green, Paul J. and Grieb, Jan Niklas and Grieves, Nolan and Gunn, James E. and Guo, Hong and Harding, Paul and Hasselquist, Sten and Hawley, Suzanne L. and Hayden, Michael and Hearty, Fred R. and Hekker, Saskia and Ho, Shirley and Hogg, David W. and Holley-Bockelmann, Kelly and Holtzman, Jon A. and Honscheid, Klaus and Huber, Daniel and Huehnerhoff, Joseph and Ivans, Inese I. and Jiang, Linhua and Johnson, Jennifer A. and Kinemuchi, Karen and Kirkby, David and Kitaura, Francisco and Klaene, Mark A. and Knapp, Gillian R. and Kneib, Jean-Paul and Koenig, Xavier P. and Lam, Charles R. and Lan, Ting-Wen and Lang, Dustin and Laurent, Pierre and Goff, Jean-Marc Le and Leauthaud, Alexie and Lee, Khee-Gan and Lee, Young Sun and Licquia, Timothy C. and Liu, Jian and Long, Daniel C. and L{\'{o}}pez-Corredoira, Martín and Lorenzo-Oliveira, Diego and Lucatello, Sara and Lundgren, Britt and Lupton, Robert H. and III, Claude E. Mack and Mahadevan, Suvrath and Maia, Marcio A. G. and Majewski, Steven R. and Malanushenko, Elena and Malanushenko, Viktor and Manchado, A. and Manera, Marc and Mao, Qingqing and Maraston, Claudia and Marchwinski, Robert C. and Margala, Daniel and Martell, Sarah L. and Martig, Marie and Masters, Karen L. and Mathur, Savita and McBride, Cameron K. and McGehee, Peregrine M. and McGreer, Ian D. and McMahon, Richard G. and M{\'{e}}nard, Brice and Menzel, Marie-Luise and Merloni, Andrea and M{\'{e}}sz{\'{a}}ros, Szabolcs and Miller, Adam A. and Miralda-Escud{\'{e}}, Jordi and Miyatake, Hironao and Montero-Dorta, Antonio D. and More, Surhud and Morganson, Eric and Morice-Atkinson, Xan and Morrison, Heather L. and Mosser, Benôit and Muna, Demitri and Myers, Adam D. and Nandra, Kirpal and Newman, Jeffrey A. and Neyrinck, Mark and Nguyen, Duy Cuong and Nichol, Robert C. and Nidever, David L. and Noterdaeme, Pasquier and Nuza, Sebastián E. and O’Connell, Julia E. and O’Connell, Robert W. and O’Connell, Ross and Ogando, Ricardo L. C. and Olmstead, Matthew D. and Oravetz, Audrey E. and Oravetz, Daniel J. and Osumi, Keisuke and Owen, Russell and Padgett, Deborah L. and Padmanabhan, Nikhil and Paegert, Martin and Palanque-Delabrouille, Nathalie and Pan, Kaike and Parejko, John K. and P{\^{a}}ris, Isabelle and Park, Changbom and Pattarakijwanich, Petchara and Pellejero-Ibanez, M. and Pepper, Joshua and Percival, Will J. and P{\'{e}}rez-Fournon, Ismael and Pe´rez-Ra`fols, Ignasi and Petitjean, Patrick and Pieri, Matthew M. and Pinsonneault, Marc H. and Mello, Gustavo F. Porto de and Prada, Francisco and Prakash, Abhishek and Price-Whelan, Adrian M. and Protopapas, Pavlos and Raddick, M. Jordan and Rahman, Mubdi and Reid, Beth A. and Rich, James and Rix, Hans-Walter and Robin, Annie C. and Rockosi, Constance M. and Rodrigues, Thaíse S. and Rodr{\'{i}}guez-Torres, Sergio and Roe, Natalie A. and Ross, Ashley J. and Ross, Nicholas P. and Rossi, Graziano and Ruan, John J. and Rubi{\~{n}}o-Mart{\'{i}}n, J. A. and Rykoff, Eli S. and Salazar-Albornoz, Salvador and Salvato, Mara and Samushia, Lado and S{\'{a}}nchez, Ariel G. and Santiago, Basílio and Sayres, Conor and Schiavon, Ricardo P. and Schlegel, David J. and Schmidt, Sarah J. and Schneider, Donald P. and Schultheis, Mathias and Schwope, Axel D. and Sc{\'{o}}ccola, C. G. and Scott, Caroline and Sellgren, Kris and Seo, Hee-Jong and Serenelli, Aldo and Shane, Neville and Shen, Yue and Shetrone, Matthew and Shu, Yiping and Aguirre, V. Silva and Sivarani, Thirupathi and Skrutskie, M. F. and Slosar, Anže and Smith, Verne V. and Sobreira, Flávia and Souto, Diogo and Stassun, Keivan G. and Steinmetz, Matthias and Stello, Dennis and Strauss, Michael A. and Streblyanska, Alina and Suzuki, Nao and Swanson, Molly E. C. and Tan, Jonathan C. and Tayar, Jamie and Terrien, Ryan C. and Thakar, Aniruddha R. and Thomas, Daniel and Thomas, Neil and Thompson, Benjamin A. and Tinker, Jeremy L. and Tojeiro, Rita and Troup, Nicholas W. and Vargas-Maga{\~{n}}a, Mariana and Vazquez, Jose A. and Verde, Licia and Viel, Matteo and Vogt, Nicole P. and Wake, David A. and Wang, Ji and Weaver, Benjamin A. and Weinberg, David H. and Weiner, Benjamin J. and White, Martin and Wilson, John C. and Wisniewski, John P. and Wood-Vasey, W. M. and Ye`che, Christophe and York, Donald G. and Zakamska, Nadia L. and Zamora, O. and Zasowski, Gail and Zehavi, Idit and Zhao, Gong-Bo and Zheng, Zheng and Zhou (周旭), Xu and Zhou (周志民), Zhimin and Zou (邹虎), Hu and Zhu, Guangtun},
    number = {1},
    month = {7},
    pages = {12},
    volume = {219},
    doi = {10.1088/0067-0049/219/1/12},
    issn = {1538-4365}
}

@inproceedings{euclid,
    title = {{The Euclid mission design}},
    year = {2016},
    booktitle = {Proceedings of SPIE Astronomical Telescopes + Instrumentation},
    author = {Racca, Giuseppe D. and Laureijs, René and Stagnaro, Luca and Salvignol, Jean-Christophe and Lorenzo Alvarez, José and Saavedra Criado, Gonzalo and Gaspar Venancio, Luis and Short, Alex and Strada, Paolo and B{\"{o}}nke, Tobias and Colombo, Cyril and Calvi, Adriano and Maiorano, Elena and Piersanti, Osvaldo and Prezelus, Sylvain and Rosato, Pierluigi and Pinel, Jacques and Rozemeijer, Hans and Lesna, Valentina and Musi, Paolo and Sias, Marco and Anselmi, Alberto and Cazaubiel, Vincent and Vaillon, Ludovic and Mellier, Yannick and Amiaux, Jérôme and Berth{\'{e}}, Michel and Sauvage, Marc and Azzollini, Ruyman and Cropper, Mark and Pottinger, Sabrina and Jahnke, Knud and Ealet, Anne and Maciaszek, Thierry and Pasian, Fabio and Zacchei, Andrea and Scaramella, Roberto and Hoar, John and Kohley, Ralf and Vavrek, Roland and Rudolph, Andreas and Schmidt, Micha},
    editor = {MacEwen, Howard A. and Fazio, Giovanni G. and Lystrup, Makenzie and Batalha, Natalie and Siegler, Nicholas and Tong, Edward C.},
    month = {7},
    pages = {99040O},
    url = {http://proceedings.spiedigitallibrary.org/proceeding.aspx?doi=10.1117/12.2230762},
    doi = {10.1117/12.2230762}
}

@article{silverman_15,
    title = {{THE FMOS-COSMOS SURVEY OF STAR-FORMING GALAXIES AT <i>z</i> ∼ 1.6. III. SURVEY DESIGN, PERFORMANCE, AND SAMPLE CHARACTERISTICS}},
    year = {2015},
    journal = {The Astrophysical Journal Supplement Series},
    author = {Silverman, J. D. and Kashino, D. and Sanders, D. and Kartaltepe, J. S. and Arimoto, N. and Renzini, A. and Rodighiero, G. and Daddi, E. and Zahid, J. and Nagao, T. and Kewley, L. J. and Lilly, S. J. and Sugiyama, N. and Baronchelli, I. and Capak, P. and Carollo, C. M. and Chu, J. and Hasinger, G. and Ilbert, O. and Juneau, S. and Kajisawa, M. and Koekemoer, A. M. and Kovac, K. and F{\`{e}}vre, O. Le and Masters, D. and McCracken, H. J. and Onodera, M. and Schulze, A. and Scoville, N. and Strazzullo, V. and Taniguchi, Y.},
    number = {1},
    month = {9},
    pages = {12},
    volume = {220},
    doi = {10.1088/0067-0049/220/1/12},
    issn = {1538-4365}
}

@article{bosch_18,
    title = {{The Hyper Suprime-Cam software pipeline}},
    year = {2018},
    journal = {Publications of the Astronomical Society of Japan},
    author = {Bosch, James and Armstrong, Robert and Bickerton, Steven and Furusawa, Hisanori and Ikeda, Hiroyuki and Koike, Michitaro and Lupton, Robert and Mineo, Sogo and Price, Paul and Takata, Tadafumi and Tanaka, Masayuki and Yasuda, Naoki and AlSayyad, Yusra and Becker, Andrew C and Coulton, William and Coupon, Jean and Garmilla, Jose and Huang, Song and Krughoff, K Simon and Lang, Dustin and Leauthaud, Alexie and Lim, Kian-Tat and Lust, Nate B and MacArthur, Lauren A and Mandelbaum, Rachel and Miyatake, Hironao and Miyazaki, Satoshi and Murata, Ryoma and More, Surhud and Okura, Yuki and Owen, Russell and Swinbank, John D and Strauss, Michael A and Yamada, Yoshihiko and Yamanoi, Hitomi},
    number = {SP1},
    month = {1},
    volume = {70},
    doi = {10.1093/pasj/psx080},
    issn = {0004-6264}
}

@article{hsc_pipeline,
    title = {{The Hyper Suprime-Cam software pipeline}},
    year = {2018},
    journal = {Publications of the Astronomical Society of Japan},
    author = {Bosch, James and Armstrong, Robert and Bickerton, Steven and Furusawa, Hisanori and Ikeda, Hiroyuki and Koike, Michitaro and Lupton, Robert and Mineo, Sogo and Price, Paul and Takata, Tadafumi and Tanaka, Masayuki and Yasuda, Naoki and AlSayyad, Yusra and Becker, Andrew C and Coulton, William and Coupon, Jean and Garmilla, Jose and Huang, Song and Krughoff, K Simon and Lang, Dustin and Leauthaud, Alexie and Lim, Kian-Tat and Lust, Nate B and MacArthur, Lauren A and Mandelbaum, Rachel and Miyatake, Hironao and Miyazaki, Satoshi and Murata, Ryoma and More, Surhud and Okura, Yuki and Owen, Russell and Swinbank, John D and Strauss, Michael A and Yamada, Yoshihiko and Yamanoi, Hitomi},
    number = {SP1},
    month = {1},
    volume = {70},
    doi = {10.1093/pasj/psx080},
    issn = {0004-6264}
}

@article{hsc_design,
    title = {{The Hyper Suprime-Cam SSP Survey: Overview and survey design}},
    year = {2018},
    journal = {Publications of the Astronomical Society of Japan},
    author = {Aihara, Hiroaki and Arimoto, Nobuo and Armstrong, Robert and Arnouts, Stéphane and Bahcall, Neta A and Bickerton, Steven and Bosch, James and Bundy, Kevin and Capak, Peter L and Chan, James H H and Chiba, Masashi and Coupon, Jean and Egami, Eiichi and Enoki, Motohiro and Finet, Francois and Fujimori, Hiroki and Fujimoto, Seiji and Furusawa, Hisanori and Furusawa, Junko and Goto, Tomotsugu and Goulding, Andy and Greco, Johnny P and Greene, Jenny E and Gunn, James E and Hamana, Takashi and Harikane, Yuichi and Hashimoto, Yasuhiro and Hattori, Takashi and Hayashi, Masao and Hayashi, Yusuke and He{\l}miniak, Krzysztof G and Higuchi, Ryo and Hikage, Chiaki and Ho, Paul T P and Hsieh, Bau-Ching and Huang, Kuiyun and Huang, Song and Ikeda, Hiroyuki and Imanishi, Masatoshi and Inoue, Akio K and Iwasawa, Kazushi and Iwata, Ikuru and Jaelani, Anton T and Jian, Hung-Yu and Kamata, Yukiko and Karoji, Hiroshi and Kashikawa, Nobunari and Katayama, Nobuhiko and Kawanomoto, Satoshi and Kayo, Issha and Koda, Jin and Koike, Michitaro and Kojima, Takashi and Komiyama, Yutaka and Konno, Akira and Koshida, Shintaro and Koyama, Yusei and Kusakabe, Haruka and Leauthaud, Alexie and Lee, Chien-Hsiu and Lin, Lihwai and Lin, Yen-Ting and Lupton, Robert H and Mandelbaum, Rachel and Matsuoka, Yoshiki and Medezinski, Elinor and Mineo, Sogo and Miyama, Shoken and Miyatake, Hironao and Miyazaki, Satoshi and Momose, Rieko and More, Anupreeta and More, Surhud and Moritani, Yuki and Moriya, Takashi J and Morokuma, Tomoki and Mukae, Shiro and Murata, Ryoma and Murayama, Hitoshi and Nagao, Tohru and Nakata, Fumiaki and Niida, Mana and Niikura, Hiroko and Nishizawa, Atsushi J and Obuchi, Yoshiyuki and Oguri, Masamune and Oishi, Yukie and Okabe, Nobuhiro and Okamoto, Sakurako and Okura, Yuki and Ono, Yoshiaki and Onodera, Masato and Onoue, Masafusa and Osato, Ken and Ouchi, Masami and Price, Paul A and Pyo, Tae-Soo and Sako, Masao and Sawicki, Marcin and Shibuya, Takatoshi and Shimasaku, Kazuhiro and Shimono, Atsushi and Shirasaki, Masato and Silverman, John D and Simet, Melanie and Speagle, Joshua and Spergel, David N and Strauss, Michael A and Sugahara, Yuma and Sugiyama, Naoshi and Suto, Yasushi and Suyu, Sherry H and Suzuki, Nao and Tait, Philip J and Takada, Masahiro and Takata, Tadafumi and Tamura, Naoyuki and Tanaka, Manobu M and Tanaka, Masaomi and Tanaka, Masayuki and Tanaka, Yoko and Terai, Tsuyoshi and Terashima, Yuichi and Toba, Yoshiki and Tominaga, Nozomu and Toshikawa, Jun and Turner, Edwin L and Uchida, Tomohisa and Uchiyama, Hisakazu and Umetsu, Keiichi and Uraguchi, Fumihiro and Urata, Yuji and Usuda, Tomonori and Utsumi, Yousuke and Wang, Shiang-Yu and Wang, Wei-Hao and Wong, Kenneth C and Yabe, Kiyoto and Yamada, Yoshihiko and Yamanoi, Hitomi and Yasuda, Naoki and Yeh, Sherry and Yonehara, Atsunori and Yuma, Suraphong},
    number = {SP1},
    month = {1},
    volume = {70},
    doi = {10.1093/pasj/psx066},
    issn = {0004-6264}
}

@article{cool_13,
    title = {{THE PRISM MULTI-OBJECT SURVEY (PRIMUS). II. DATA REDUCTION AND REDSHIFT FITTING}},
    year = {2013},
    journal = {The Astrophysical Journal},
    author = {Cool, Richard J. and Moustakas, John and Blanton, Michael R. and Burles, Scott M. and Coil, Alison L. and Eisenstein, Daniel J. and Wong, Kenneth C. and Zhu, Guangtun and Aird, James and Bernstein, Rebecca A. and Bolton, Adam S. and Hogg, David W. and Mendez, Alexander J.},
    number = {2},
    month = {4},
    pages = {118},
    volume = {767},
    doi = {10.1088/0004-637X/767/2/118},
    issn = {0004-637X}
}

@article{sdss_tech_summary,
    title = {{The Sloan Digital Sky Survey: Technical Summary}},
    year = {2000},
    journal = {The Astronomical Journal},
    author = {York, Donald G. and Adelman, J. and Anderson, Jr., John E. and Anderson, Scott F. and Annis, James and Bahcall, Neta A. and Bakken, J. A. and Barkhouser, Robert and Bastian, Steven and Berman, Eileen and Boroski, William N. and Bracker, Steve and Briegel, Charlie and Briggs, John W. and Brinkmann, J. and Brunner, Robert and Burles, Scott and Carey, Larry and Carr, Michael A. and Castander, Francisco J. and Chen, Bing and Colestock, Patrick L. and Connolly, A. J. and Crocker, J. H. and Csabai, István and Czarapata, Paul C. and Davis, John Eric and Doi, Mamoru and Dombeck, Tom and Eisenstein, Daniel and Ellman, Nancy and Elms, Brian R. and Evans, Michael L. and Fan, Xiaohui and Federwitz, Glenn R. and Fiscelli, Larry and Friedman, Scott and Frieman, Joshua A. and Fukugita, Masataka and Gillespie, Bruce and Gunn, James E. and Gurbani, Vijay K. and de Haas, Ernst and Haldeman, Merle and Harris, Frederick H. and Hayes, J. and Heckman, Timothy M. and Hennessy, G. S. and Hindsley, Robert B. and Holm, Scott and Holmgren, Donald J. and Huang, Chi-hao and Hull, Charles and Husby, Don and Ichikawa, Shin-Ichi and Ichikawa, Takashi and Ivezi{\'{c}}, Željko and Kent, Stephen and Kim, Rita S. J. and Kinney, E. and Klaene, Mark and Kleinman, A. N. and Kleinman, S. and Knapp, G. R. and Korienek, John and Kron, Richard G. and Kunszt, Peter Z. and Lamb, D. Q. and Lee, B. and Leger, R. French and Limmongkol, Siriluk and Lindenmeyer, Carl and Long, Daniel C. and Loomis, Craig and Loveday, Jon and Lucinio, Rich and Lupton, Robert H. and MacKinnon, Bryan and Mannery, Edward J. and Mantsch, P. M. and Margon, Bruce and McGehee, Peregrine and McKay, Timothy A. and Meiksin, Avery and Merelli, Aronne and Monet, David G. and Munn, Jeffrey A. and Narayanan, Vijay K. and Nash, Thomas and Neilsen, Eric and Neswold, Rich and Newberg, Heidi Jo and Nichol, R. C. and Nicinski, Tom and Nonino, Mario and Okada, Norio and Okamura, Sadanori and Ostriker, Jeremiah P. and Owen, Russell and Pauls, A. George and Peoples, John and Peterson, R. L. and Petravick, Donald and Pier, Jeffrey R. and Pope, Adrian and Pordes, Ruth and Prosapio, Angela and Rechenmacher, Ron and Quinn, Thomas R. and Richards, Gordon T. and Richmond, Michael W. and Rivetta, Claudio H. and Rockosi, Constance M. and Ruthmansdorfer, Kurt and Sandford, Dale and Schlegel, David J. and Schneider, Donald P. and Sekiguchi, Maki and Sergey, Gary and Shimasaku, Kazuhiro and Siegmund, Walter A. and Smee, Stephen and Smith, J. Allyn and Snedden, S. and Stone, R. and Stoughton, Chris and Strauss, Michael A. and Stubbs, Christopher and SubbaRao, Mark and Szalay, Alexander S. and Szapudi, Istvan and Szokoly, Gyula P. and Thakar, Anirudda R. and Tremonti, Christy and Tucker, Douglas L. and Uomoto, Alan and Vanden Berk, Dan and Vogeley, Michael S. and Waddell, Patrick and Wang, Shu-i and Watanabe, Masaru and Weinberg, David H. and Yanny, Brian and Yasuda, Naoki},
    number = {3},
    month = {9},
    pages = {1579--1587},
    volume = {120},
    publisher = {IOP Publishing},
    url = {http://stacks.iop.org/1538-3881/120/i=3/a=1579},
    doi = {10.1086/301513},
    issn = {00046256}
}

@inproceedings{srcx++,
    title = {{The SourceXtractor++ Software}},
    year = {2020},
    booktitle = {Astronomical Data Analysis Software and Systems XXIX},
    author = {Bertin, E. and Schefer, M. and Apostolakos, N. and {\'{A}}lvarez–Ayll{\'{o}}n, A. and Dubath, P. and K{\"{u}}mmel, M.},
    editor = {Pizzo, Roberto and Deul, Erik R. and Mol, Jan David and de Plaa, Jelle and Verkouter, Harro},
    pages = {461},
    publisher = {Astronomical Society of the Pacific},
    address = {San Francisco}
}

@article{vandels,
    title = {{The VANDELS ESO public spectroscopic survey: Observations and first data release}},
    year = {2018},
    journal = {Astronomy {\&} Astrophysics},
    author = {Pentericci, L. and McLure, R. J. and Garilli, B. and Cucciati, O. and Franzetti, P. and Iovino, A. and Amorin, R. and Bolzonella, M. and Bongiorno, A. and Carnall, A. C. and Castellano, M. and Cimatti, A. and Cirasuolo, M. and Cullen, F. and De Barros, S. and Dunlop, J. S. and Elbaz, D. and Finkelstein, S. L. and Fontana, A. and Fontanot, F. and Fumana, M. and Gargiulo, A. and Guaita, L. and Hartley, W. G. and Jarvis, M. J. and Juneau, S. and Karman, W. and Maccagni, D. and Marchi, F. and Marmol-Queralto, E. and Nandra, K. and Pompei, E. and Pozzetti, L. and Scodeggio, M. and Sommariva, V. and Talia, M. and Almaini, O. and Balestra, I. and Bardelli, S. and Bell, E. F. and Bourne, N. and Bowler, R. A. A. and Brusa, M. and Buitrago, F. and Caputi, K. I. and Cassata, P. and Charlot, S. and Citro, A. and Cresci, G. and Cristiani, S. and Curtis-Lake, E. and Dickinson, M. and Fazio, G. G. and Ferguson, H. C. and Fiore, F. and Franco, M. and Fynbo, J. P. U. and Galametz, A. and Georgakakis, A. and Giavalisco, M. and Grazian, A. and Hathi, N. P. and Jung, I. and Kim, S. and Koekemoer, A. M. and Khusanova, Y. and Le F{\`{e}}vre, O. and Lotz, J. M. and Mannucci, F. and Maltby, D. T. and Matsuoka, K. and McLeod, D. J. and Mendez-Hernandez, H. and Mendez-Abreu, J. and Mignoli, M. and Moresco, M. and Mortlock, A. and Nonino, M. and Pannella, M. and Papovich, C. and Popesso, P. and Rosario, D. P. and Salvato, M. and Santini, P. and Schaerer, D. and Schreiber, C. and Stark, D. P. and Tasca, L. A. M. and Thomas, R. and Treu, T. and Vanzella, E. and Wild, V. and Williams, C. C. and Zamorani, G. and Zucca, E.},
    month = {8},
    pages = {A174},
    volume = {616},
    doi = {10.1051/0004-6361/201833047},
    issn = {0004-6361}
}

@article{vandelsb,
    title = {{The VANDELS ESO public spectroscopic survey: Observations and first data release}},
    year = {2018},
    journal = {Astronomy {\&} Astrophysics},
    author = {Pentericci, L. and McLure, R. J. and Garilli, B. and Cucciati, O. and Franzetti, P. and Iovino, A. and Amorin, R. and Bolzonella, M. and Bongiorno, A. and Carnall, A. C. and Castellano, M. and Cimatti, A. and Cirasuolo, M. and Cullen, F. and De Barros, S. and Dunlop, J. S. and Elbaz, D. and Finkelstein, S. L. and Fontana, A. and Fontanot, F. and Fumana, M. and Gargiulo, A. and Guaita, L. and Hartley, W. G. and Jarvis, M. J. and Juneau, S. and Karman, W. and Maccagni, D. and Marchi, F. and Marmol-Queralto, E. and Nandra, K. and Pompei, E. and Pozzetti, L. and Scodeggio, M. and Sommariva, V. and Talia, M. and Almaini, O. and Balestra, I. and Bardelli, S. and Bell, E. F. and Bourne, N. and Bowler, R. A. A. and Brusa, M. and Buitrago, F. and Caputi, K. I. and Cassata, P. and Charlot, S. and Citro, A. and Cresci, G. and Cristiani, S. and Curtis-Lake, E. and Dickinson, M. and Fazio, G. G. and Ferguson, H. C. and Fiore, F. and Franco, M. and Fynbo, J. P. U. and Galametz, A. and Georgakakis, A. and Giavalisco, M. and Grazian, A. and Hathi, N. P. and Jung, I. and Kim, S. and Koekemoer, A. M. and Khusanova, Y. and Le F{\`{e}}vre, O. and Lotz, J. M. and Mannucci, F. and Maltby, D. T. and Matsuoka, K. and McLeod, D. J. and Mendez-Hernandez, H. and Mendez-Abreu, J. and Mignoli, M. and Moresco, M. and Mortlock, A. and Nonino, M. and Pannella, M. and Papovich, C. and Popesso, P. and Rosario, D. P. and Salvato, M. and Santini, P. and Schaerer, D. and Schreiber, C. and Stark, D. P. and Tasca, L. A. M. and Thomas, R. and Treu, T. and Vanzella, E. and Wild, V. and Williams, C. C. and Zamorani, G. and Zucca, E.},
    month = {8},
    pages = {A174},
    volume = {616},
    doi = {10.1051/0004-6361/201833047},
    issn = {0004-6361}
}

@article{garilli_14,
    title = {{The VIMOS Public Extragalactic Survey (VIPERS)}},
    year = {2014},
    journal = {Astronomy {\&} Astrophysics},
    author = {Garilli, B. and Guzzo, L. and Scodeggio, M. and Bolzonella, M. and Abbas, U. and Adami, C. and Arnouts, S. and Bel, J. and Bottini, D. and Branchini, E. and Cappi, A. and Coupon, J. and Cucciati, O. and Davidzon, I. and De Lucia, G. and de la Torre, S. and Franzetti, P. and Fritz, A. and Fumana, M. and Granett, B. R. and Ilbert, O. and Iovino, A. and Krywult, J. and Le Brun, V. and Le F{\`{e}}vre, O. and Maccagni, D. and Ma{\l}ek, K. and Marulli, F. and McCracken, H. J. and Paioro, L. and Polletta, M. and Pollo, A. and Schlagenhaufer, H. and Tasca, L. A. M. and Tojeiro, R. and Vergani, D. and Zamorani, G. and Zanichelli, A. and Burden, A. and Di Porto, C. and Marchetti, A. and Marinoni, C. and Mellier, Y. and Moscardini, L. and Nichol, R. C. and Peacock, J. A. and Percival, W. J. and Phleps, S. and Wolk, M.},
    month = {2},
    pages = {A23},
    volume = {562},
    doi = {10.1051/0004-6361/201322790},
    issn = {0004-6361}
}

@article{lefevre_13,
    title = {{The VIMOS VLT Deep Survey final data release: a spectroscopic sample of 35 016 galaxies and AGN out to <i>z</i> {\~{}} 6.7 selected with 17.5 ≤ <i>i</i> <sub>AB</sub>  ≤ 24.75}},
    year = {2013},
    journal = {Astronomy {\&} Astrophysics},
    author = {Le F{\`{e}}vre, O. and Cassata, P. and Cucciati, O. and Garilli, B. and Ilbert, O. and Le Brun, V. and Maccagni, D. and Moreau, C. and Scodeggio, M. and Tresse, L. and Zamorani, G. and Adami, C. and Arnouts, S. and Bardelli, S. and Bolzonella, M. and Bondi, M. and Bongiorno, A. and Bottini, D. and Cappi, A. and Charlot, S. and Ciliegi, P. and Contini, T. and de la Torre, S. and Foucaud, S. and Franzetti, P. and Gavignaud, I. and Guzzo, L. and Iovino, A. and Lemaux, B. and L{\'{o}}pez-Sanjuan, C. and McCracken, H. J. and Marano, B. and Marinoni, C. and Mazure†, A. and Mellier, Y. and Merighi, R. and Merluzzi, P. and Paltani, S. and Pell{\`{o}}, R. and Pollo, A. and Pozzetti, L. and Scaramella, R. and Tasca, L. and Vergani, D. and Vettolani, G. and Zanichelli, A. and Zucca, E.},
    month = {11},
    pages = {A14},
    volume = {559},
    doi = {10.1051/0004-6361/201322179},
    issn = {0004-6361}
}

@article{drinkwater_10,
    title = {{The WiggleZ Dark Energy Survey: survey design and first data release}},
    year = {2010},
    journal = {Monthly Notices of the Royal Astronomical Society},
    author = {Drinkwater, Michael J. and Jurek, Russell J. and Blake, Chris and Woods, David and Pimbblet, Kevin A. and Glazebrook, Karl and Sharp, Rob and Pracy, Michael B. and Brough, Sarah and Colless, Matthew and Couch, Warrick J. and Croom, Scott M. and Davis, Tamara M. and Forbes, Duncan and Forster, Karl and Gilbank, David G. and Gladders, Michael and Jelliffe, Ben and Jones, Nick and Li, I-hui and Madore, Barry and Martin, D. Christopher and Poole, Gregory B. and Small, Todd and Wisnioski, Emily and Wyder, Ted and Yee, H. K. C.},
    number = {3},
    month = {1},
    pages = {1429--1452},
    volume = {401},
    doi = {10.1111/j.1365-2966.2009.15754.x},
    issn = {00358711}
}

@article{lilly_09,
    title = {{THE zCOSMOS 10k-BRIGHT SPECTROSCOPIC SAMPLE}},
    year = {2009},
    journal = {The Astrophysical Journal Supplement Series},
    author = {Lilly, Simon J. and Le Brun, Vincent and Maier, Christian and Mainieri, Vincenzo and Mignoli, Marco and Scodeggio, Marco and Zamorani, Gianni and Carollo, Marcella and Contini, Thierry and Kneib, Jean-Paul and Le F{\`{e}}vre, Olivier and Renzini, Alvio and Bardelli, Sandro and Bolzonella, Micol and Bongiorno, Angela and Caputi, Karina and Coppa, Graziano and Cucciati, Olga and de la Torre, Sylvain and de Ravel, Loic and Franzetti, Paolo and Garilli, Bianca and Iovino, Angela and Kampczyk, Pawel and Kovac, Katarina and Knobel, Christian and Lamareille, Fabrice and Le Borgne, Jean-Francois and Pello, Roser and Peng, Yingjie and P{\'{e}}rez-Montero, Enrique and Ricciardelli, Elena and Silverman, John D. and Tanaka, Masayuki and Tasca, Lidia and Tresse, Laurence and Vergani, Daniela and Zucca, Elena and Ilbert, Olivier and Salvato, Mara and Oesch, Pascal and Abbas, Umi and Bottini, Dario and Capak, Peter and Cappi, Alberto and Cassata, Paolo and Cimatti, Andrea and Elvis, Martin and Fumana, Marco and Guzzo, Luigi and Hasinger, Gunther and Koekemoer, Anton and Leauthaud, Alexei and Maccagni, Dario and Marinoni, Christian and McCracken, Henry and Memeo, Pierdomenico and Meneux, Baptiste and Porciani, Cristiano and Pozzetti, Lucia and Sanders, David and Scaramella, Roberto and Scarlata, Claudia and Scoville, Nick and Shopbell, Patrick and Taniguchi, Yoshiaki},
    number = {2},
    month = {10},
    pages = {218--229},
    volume = {184},
    doi = {10.1088/0067-0049/184/2/218},
    issn = {0067-0049}
}

@article{tanaka_22,
    title = {{Where’s Swimmy?: Mining unique color features buried in galaxies by deep anomaly detection using Subaru Hyper Suprime-Cam data}},
    year = {2022},
    journal = {Publications of the Astronomical Society of Japan},
    author = {Tanaka, Takumi S and Shimakawa, Rhythm and Shimasaku, Kazuhiro and Toba, Yoshiki and Kashikawa, Nobunari and Tanaka, Masayuki and Inoue, Akio K},
    number = {1},
    month = {2},
    pages = {1--23},
    volume = {74},
    doi = {10.1093/pasj/psab105},
    issn = {0004-6264}
}

@article{ngrst,
    title = {{Wide-Field InfraRed Survey Telescope-Astrophysics Focused Telescope Assets WFIRST-AFTA Final Report}},
    year = {2013},
    author = {Spergel, D. and Gehrels, N. and Breckinridge, J. and Donahue, M. and Dressler, A. and Gaudi, B. S. and Greene, T. and Guyon, O. and Hirata, C. and Kalirai, J. and Kasdin, N. J. and Moos, W. and Perlmutter, S. and Postman, M. and Rauscher, B. and Rhodes, J. and Wang, Y. and Weinberg, D. and Centrella, J. and Traub, W. and Baltay, C. and Colbert, J. and Bennett, D. and Kiessling, A. and Macintosh, B. and Merten, J. and Mortonson, M. and Penny, M. and Rozo, E. and Savransky, D. and Stapelfeldt, K. and Zu, Y. and Baker, C. and Cheng, E. and Content, D. and Dooley, J. and Foote, M. and Goullioud, R. and Grady, K. and Jackson, C. and Kruk, J. and Levine, M. and Melton, M. and Peddie, C. and Ruffa, J. and Shaklan, S.},
    month = {5},
    url = {http://arxiv.org/abs/1305.5422},
    arxivId = {1305.5422}
}

@article{pozzetti_10,
    title = {{zCOSMOS – 10k-bright spectroscopic sample}},
    year = {2010},
    journal = {Astronomy {\&} Astrophysics},
    author = {Pozzetti, L. and Bolzonella, M. and Zucca, E. and Zamorani, G. and Lilly, S. and Renzini, A. and Moresco, M. and Mignoli, M. and Cassata, P. and Tasca, L. and Lamareille, F. and Maier, C. and Meneux, B. and Halliday, C. and Oesch, P. and Vergani, D. and Caputi, K. and Kova{\v{c}}, K. and Cimatti, A. and Cucciati, O. and Iovino, A. and Peng, Y. and Carollo, M. and Contini, T. and Kneib, J.-P. and Le F{\'{e}}vre, O. and Mainieri, V. and Scodeggio, M. and Bardelli, S. and Bongiorno, A. and Coppa, G. and de la Torre, S. and de Ravel, L. and Franzetti, P. and Garilli, B. and Kampczyk, P. and Knobel, C. and Le Borgne, J.-F. and Le Brun, V. and Pell{\`{o}}, R. and Perez Montero, E. and Ricciardelli, E. and Silverman, J. D. and Tanaka, M. and Tresse, L. and Abbas, U. and Bottini, D. and Cappi, A. and Guzzo, L. and Koekemoer, A. M. and Leauthaud, A. and Maccagni, D. and Marinoni, C. and McCracken, H. J. and Memeo, P. and Porciani, C. and Scaramella, R. and Scarlata, C. and Scoville, N.},
    month = {11},
    pages = {A13},
    volume = {523},
    url = {http://www.aanda.org/10.1051/0004-6361/200913020},
    doi = {10.1051/0004-6361/200913020},
    issn = {0004-6361}
}

@article{vanderWel20143D-HST+CANDELS:3,
    title = {{3D-HST+CANDELS: THE EVOLUTION OF THE GALAXY SIZE-MASS DISTRIBUTION SINCE z = 3}},
    year = {2014},
    journal = {The Astrophysical Journal},
    author = {van der Wel, A. and Franx, M. and van Dokkum, P. G. and Skelton, R. E. and Momcheva, I. G. and Whitaker, K. E. and Brammer, G. B. and Bell, E. F. and Rix, H.-W. and Wuyts, S. and Ferguson, H. C. and Holden, B. P. and Barro, G. and Koekemoer, A. M. and Chang, Yu-Yen and McGrath, E. J. and H{\"{a}}ussler, B. and Dekel, A. and Behroozi, P. and Fumagalli, M. and Leja, J. and Lundgren, B. F. and Maseda, M. V. and Nelson, E. J. and Wake, D. A. and Patel, S. G. and Labb{\'{e}}, I. and Faber, S. M. and Grogin, N. A. and Kocevski, D. D.},
    number = {1},
    month = {5},
    pages = {28},
    volume = {788},
    url = {https://iopscience.iop.org/article/10.1088/0004-637X/788/1/28},
    doi = {10.1088/0004-637X/788/1/28},
    issn = {0004-637X}
}

@article{Huertas-Company2015ALEARNING,
    title = {{A CATALOG OF VISUAL-LIKE MORPHOLOGIES IN THE 5 CANDELS FIELDS USING DEEP LEARNING}},
    year = {2015},
    journal = {The Astrophysical Journal Supplement Series},
    author = {Huertas-Company, M. and Gravet, R. and Cabrera-Vives, G. and P{\'{e}}rez-Gonz{\'{a}}lez, P. G. and Kartaltepe, J. S. and Barro, G. and Bernardi, M. and Mei, S. and Shankar, F. and Dimauro, P. and Bell, E. F. and Kocevski, D. and Koo, D. C. and Faber, S. M. and Mcintosh, D. H.},
    number = {1},
    month = {10},
    pages = {8},
    volume = {221},
    url = {https://iopscience.iop.org/article/10.1088/0067-0049/221/1/8},
    doi = {10.1088/0067-0049/221/1/8},
    issn = {1538-4365}
}

@article{Sharma2020ApplicationClassification,
    title = {{Application of convolutional neural networks for stellar spectral classification}},
    year = {2020},
    journal = {Monthly Notices of the Royal Astronomical Society},
    author = {Sharma, Kaushal and Kembhavi, Ajit and Kembhavi, Aniruddha and Sivarani, T. and Abraham, Sheelu and vaghmare, Kaustubh},
    number = {2},
    month = {1},
    pages = {2280--2300},
    volume = {491},
    publisher = {Oxford Academic},
    url = {https://academic.oup.com/mnras/article/491/2/2280/5613963},
    doi = {10.1093/MNRAS/STZ3100},
    issn = {0035-8711},
    arxivId = {1909.05459},
    keywords = {Catalogues, Methods: data analysis, Stars: general, Techniques: spectroscopic}
}

@article{Dimauro2022CoincidenceGrowth,
    title = {{Coincidence between morphology and star-formation activity through cosmic time: The impact of the bulge growth}},
    year = {2022},
    journal = {Monthly Notices of the Royal Astronomical Society},
    author = {Dimauro, Paola and Daddi, Emanuele and Shankar, Francesco and Cattaneo, Andrea and Huertas-Company, Marc and Bernardi, Mariangela and Caro, Fernando and Dupke, Renato and H{\"{a}}u{\ss}ler, Boris and Johnston, Johnston and Evelyn, Evelyn and Cortesi, Arianna and Mei, Simona and Peletier, Reynier},
    url = {https://academic.oup.com/mnras/advance-article/doi/10.1093/mnras/stac884/6563709},
    doi = {10.1093/MNRAS/STAC884}
}

@article{Tuccillo2018DeepFitting,
    title = {{Deep learning for galaxy surface brightness profile fitting}},
    year = {2018},
    journal = {Monthly Notices of the Royal Astronomical Society},
    author = {Tuccillo, D and Huertas-Company, M and Decenci{\`{e}}re, E and Velasco-Forero, S and Dom{\'{i}}nguez S{\'{a}}nchez, H and Dimauro, P},
    number = {1},
    month = {3},
    pages = {894--909},
    volume = {475},
    url = {http://academic.oup.com/mnras/article/475/1/894/4725057},
    doi = {10.1093/mnras/stx3186},
    issn = {0035-8711}
}

@article{Srivastava2014Dropout:Overfitting,
    title = {{Dropout: A simple way to prevent neural networks from overfitting}},
    year = {2014},
    journal = {Journal of Machine Learning Research},
    author = {Srivastava, Nitish and Hinton, Geoffrey and Krizhevsky, Alex and Sutskever, Ilya and Salakhutdinov, Ruslan},
    pages = {1929--1958},
    volume = {15},
    doi = {10.5555/2627435},
    issn = {15337928},
    keywords = {Deep learning, Model combination, Neural networks, Regularization}
}

@article{Bender1992DynamicallyProperties,
    title = {{Dynamically hot galaxies. I - Structural properties}},
    year = {1992},
    journal = {The Astrophysical Journal},
    author = {Bender, Ralf and Burstein, David and Faber, S. M.},
    month = {11},
    pages = {462},
    volume = {399},
    url = {http://adsabs.harvard.edu/doi/10.1086/171940},
    doi = {10.1086/171940},
    issn = {0004-637X}
}

@article{Cheng2021GalaxyNetworks,
    title = {{Galaxy morphological classification catalogue of the Dark Energy Survey Year 3 data with convolutional neural networks}},
    year = {2021},
    journal = {Monthly Notices of the Royal Astronomical Society},
    author = {Cheng, Ting-Yun and Conselice, Christopher J and Arag{\'{o}}n-Salamanca, Alfonso and Aguena, M and Allam, S and Andrade-Oliveira, F and Annis, J and Bluck, A F L and Brooks, D and Burke, D L and Carrasco Kind, M and Carretero, J and Choi, A and Costanzi, M and da Costa, L N and Pereira, M E S and De Vicente, J and Diehl, H T and Drlica-Wagner, A and Eckert, K and Everett, S and Evrard, A E and Ferrero, I and Fosalba, P and Frieman, J and Garc{\'{i}}a-Bellido, J and Gerdes, D W and Giannantonio, T and Gruen, D and Gruendl, R A and Gschwend, J and Gutierrez, G and Hinton, S R and Hollowood, D L and Honscheid, K and James, D J and Krause, E and Kuehn, K and Kuropatkin, N and Lahav, O and Maia, M A G and March, M and Menanteau, F and Miquel, R and Morgan, R and Paz-Chinch{\'{o}}n, F and Pieres, A and Plazas Malag{\'{o}}n, A A and Roodman, A and Sanchez, E and Scarpine, V and Serrano, S and Sevilla-Noarbe, I and Smith, M and Soares-Santos, M and Suchyta, E and Swanson, M E C and Tarle, G and Thomas, D and To, C},
    number = {3},
    month = {9},
    pages = {4425--4444},
    volume = {507},
    url = {https://academic.oup.com/mnras/article/507/3/4425/6327560},
    doi = {10.1093/mnras/stab2142},
    issn = {0035-8711}
}

@article{Walmsley2020GalaxyLearning,
    title = {{Galaxy Zoo: probabilistic morphology through Bayesian CNNs and active learning}},
    year = {2020},
    journal = {Monthly Notices of the Royal Astronomical Society},
    author = {Walmsley, Mike and Smith, Lewis and Lintott, Chris and Gal, Yarin and Bamford, Steven and Dickinson, Hugh and Fortson, Lucy and Kruk, Sandor and Masters, Karen and Scarlata, Claudia and Simmons, Brooke and Smethurst, Rebecca and Wright, Darryl},
    number = {2},
    month = {1},
    pages = {1554--1574},
    volume = {491},
    url = {https://academic.oup.com/mnras/article/491/2/1554/5583078},
    doi = {10.1093/mnras/stz2816},
    issn = {0035-8711}
}

@article{Rowe2015GalSim:Toolkit,
    title = {{GalSim: The modular galaxy image simulation toolkit}},
    year = {2015},
    journal = {Astronomy and Computing},
    author = {Rowe, B. T.P. and Jarvis, M. and Mandelbaum, R. and Bernstein, G. M. and Bosch, J. and Simet, M. and Meyers, J. E. and Kacprzak, T. and Nakajima, R. and Zuntz, J. and Miyatake, H. and Dietrich, J. P. and Armstrong, R. and Melchior, P. and Gill, M. S.S.},
    month = {4},
    pages = {121--150},
    volume = {10},
    publisher = {Elsevier},
    url = {https://ui.adsabs.harvard.edu/abs/2015A&C....10..121R/abstract},
    doi = {10.1016/j.ascom.2015.02.002},
    issn = {22131337},
    arxivId = {1407.7676},
    keywords = {Cosmology: observations, Gravitational lensing, Methods: data analysis, Techniques: image processing}
}

@article{Shallue2018IdentifyingKepler-90,
    title = {{Identifying Exoplanets with Deep Learning: A Five-planet Resonant Chain around Kepler-80 and an Eighth Planet around Kepler-90}},
    year = {2018},
    journal = {The Astronomical Journal},
    author = {Shallue, Christopher J. and Vanderburg, Andrew},
    number = {2},
    month = {1},
    pages = {94},
    volume = {155},
    publisher = {American Astronomical Society},
    url = {https://ui.adsabs.harvard.edu/abs/2018AJ....155...94S/abstract},
    doi = {10.3847/1538-3881/aa9e09},
    issn = {00046256},
    arxivId = {1712.05044},
    keywords = {Astrophysics, Earth and Planetary Astrophysics, Instrumentation and Methods for Astrophysics, methods: data analysis, planets and satellites: detection, techniques: photometric}
}

@article{Tarsitano2022ImageLearning,
    title = {{Image feature extraction and galaxy classification: a novel and efficient approach with automated machine learning}},
    year = {2022},
    journal = {Monthly Notices of the Royal Astronomical Society},
    author = {Tarsitano, F and Bruderer, C and Schawinski, K and Hartley, W G},
    number = {3},
    month = {2},
    pages = {3330--3338},
    volume = {511},
    doi = {10.1093/mnras/stac233},
    issn = {0035-8711}
}

@article{Birrer2018Lenstronomy:Package,
    title = {{lenstronomy: Multi-purpose gravitational lens modelling software package}},
    year = {2018},
    journal = {Physics of the Dark Universe},
    author = {Birrer, Simon and Amara, Adam},
    month = {12},
    pages = {189--201},
    volume = {22},
    doi = {10.1016/j.dark.2018.11.002},
    issn = {22126864}
}

@article{Huertas-Company2016MassCANDELS,
    title = {{Mass assembly and morphological transformations since z ∼ 3 from CANDELS}},
    year = {2016},
    journal = {Monthly Notices of the Royal Astronomical Society},
    author = {Huertas-Company, M. and Bernardi, M. and P{\'{e}}rez-Gonz{\'{a}}lez, P. G. and Ashby, M. L. N. and Barro, G. and Conselice, C. and Daddi, E. and Dekel, A. and Dimauro, P. and Faber, S. M. and Grogin, N. A. and Kartaltepe, J. S. and Kocevski, D. D. and Koekemoer, A. M. and Koo, D. C. and Mei, S. and Shankar, F.},
    number = {4},
    month = {11},
    pages = {4495--4516},
    volume = {462},
    url = {https://academic.oup.com/mnras/article-lookup/doi/10.1093/mnras/stw1866},
    doi = {10.1093/mnras/stw1866},
    issn = {0035-8711}
}

@article{Hausen2020MorpheusData,
    title = {{Morpheus : A Deep Learning Framework for the Pixel-level Analysis of Astronomical Image Data}},
    year = {2020},
    journal = {The Astrophysical Journal Supplement Series},
    author = {Hausen, Ryan and Robertson, Brant E.},
    number = {1},
    month = {5},
    pages = {20},
    volume = {248},
    url = {https://iopscience.iop.org/article/10.3847/1538-4365/ab8868},
    doi = {10.3847/1538-4365/ab8868},
    issn = {1538-4365}
}

@article{Weinmann2006PropertiesMass,
    title = {{Properties of galaxy groups in the Sloan Digital Sky Survey -- I. The dependence of colour, star formation and morphology on halo mass}},
    year = {2006},
    journal = {Monthly Notices of the Royal Astronomical Society},
    author = {Weinmann, S. M. and van den Bosch, F. C. and Yang, X. and Mo, H. J.},
    number = {1},
    month = {2},
    pages = {2--28},
    volume = {366},
    doi = {10.1111/j.1365-2966.2005.09865.x},
    issn = {0035-8711}
}

@article{Vega-Ferrero2021PushingSurvey,
    title = {{Pushing automated morphological classifications to their limits with the Dark Energy Survey}},
    year = {2021},
    journal = {Monthly Notices of the Royal Astronomical Society},
    author = {Vega-Ferrero, J and Dom{\'{i}}nguez S{\'{a}}nchez, H and Bernardi, M and Huertas-Company, M and Morgan, R and Margalef, B and Aguena, M and Allam, S and Annis, J and Avila, S and Bacon, D and Bertin, E and Brooks, D and Carnero Rosell, A and Carrasco Kind, M and Carretero, J and Choi, A and Conselice, C and Costanzi, M and da Costa, L N and Pereira, M E S and De Vicente, J and Desai, S and Ferrero, I and Fosalba, P and Frieman, J and Garc{\'{i}}a-Bellido, J and Gruen, D and Gruendl, R A and Gschwend, J and Gutierrez, G and Hartley, W G and Hinton, S R and Hollowood, D L and Honscheid, K and Hoyle, B and Jarvis, M and Kim, A G and Kuehn, K and Kuropatkin, N and Lima, M and Maia, M A G and Menanteau, F and Miquel, R and Ogando, R L C and Palmese, A and Paz-Chinch{\'{o}}n, F and Plazas, A A and Romer, A K and Sanchez, E and Scarpine, V and Schubnell, M and Serrano, S and Sevilla-Noarbe, I and Smith, M and Suchyta, E and Swanson, M E C and Tarle, G and Tarsitano, F and To, C and Tucker, D L and Varga, T N and Wilkinson, R D},
    number = {2},
    month = {7},
    pages = {1927--1943},
    volume = {506},
    url = {https://academic.oup.com/mnras/article/506/2/1927/6156625},
    doi = {10.1093/mnras/stab594},
    issn = {0035-8711}
}

@article{Natarajan2021QuasarNet:Holes,
    title = {{QuasarNet: A new research platform for the data-driven investigation of black holes}},
    year = {2021},
    journal = {arXiv preprint arXiv:2103.13932},
    author = {Natarajan, Priyamvada and Tang, Kwok Sun and Khochfar, Sadegh and Nord, Brian and Sigurdsson, Steinn and Tricot, Joe and Cappelluti, Nico and George, Daniel and Hidary, Jack},
    month = {3},
    url = {https://arxiv.org/abs/2103.13932v1},
    isbn = {2103.13932v1},
    doi = {10.48550/arxiv.2103.13932},
    arxivId = {2103.13932},
    keywords = {BigData, Black Hole, Cosmological Simulations, Database, High Redshift Quasars, Machine Learning}
}

@article{Dieleman2015Rotation-invariantPrediction,
    title = {{Rotation-invariant convolutional neural networks for galaxy morphology prediction}},
    year = {2015},
    journal = {Monthly Notices of the Royal Astronomical Society},
    author = {Dieleman, Sander and Willett, Kyle W. and Dambre, Joni},
    number = {2},
    month = {6},
    pages = {1441--1459},
    volume = {450},
    url = {http://academic.oup.com/mnras/article/450/2/1441/979677/Rotationinvariant-convolutional-neural-networks},
    doi = {10.1093/mnras/stv632},
    issn = {1365-2966}
}

@article{Virtanen2020SciPyPython,
    title = {{SciPy 1.0: fundamental algorithms for scientific computing in Python}},
    year = {2020},
    journal = {Nature Methods},
    author = {Virtanen, Pauli and Gommers, Ralf and Oliphant, Travis E. and Haberland, Matt and Reddy, Tyler and Cournapeau, David and Burovski, Evgeni and Peterson, Pearu and Weckesser, Warren and Bright, Jonathan and van der Walt, Stéfan J. and Brett, Matthew and Wilson, Joshua and Millman, K. Jarrod and Mayorov, Nikolay and Nelson, Andrew R. J. and Jones, Eric and Kern, Robert and Larson, Eric and Carey, C J and Polat, İlhan and Feng, Yu and Moore, Eric W. and VanderPlas, Jake and Laxalde, Denis and Perktold, Josef and Cimrman, Robert and Henriksen, Ian and Quintero, E. A. and Harris, Charles R. and Archibald, Anne M. and Ribeiro, Antônio H. and Pedregosa, Fabian and van Mulbregt, Paul and Vijaykumar, Aditya and Bardelli, Alessandro Pietro and Rothberg, Alex and Hilboll, Andreas and Kloeckner, Andreas and Scopatz, Anthony and Lee, Antony and Rokem, Ariel and Woods, C. Nathan and Fulton, Chad and Masson, Charles and H{\"{a}}ggstr{\"{o}}m, Christian and Fitzgerald, Clark and Nicholson, David A. and Hagen, David R. and Pasechnik, Dmitrii V. and Olivetti, Emanuele and Martin, Eric and Wieser, Eric and Silva, Fabrice and Lenders, Felix and Wilhelm, Florian and Young, G. and Price, Gavin A. and Ingold, Gert-Ludwig and Allen, Gregory E. and Lee, Gregory R. and Audren, Hervé and Probst, Irvin and Dietrich, Jörg P. and Silterra, Jacob and Webber, James T and Slavi{\v{c}}, Janko and Nothman, Joel and Buchner, Johannes and Kulick, Johannes and Sch{\"{o}}nberger, Johannes L. and de Miranda Cardoso, José Vinícius and Reimer, Joscha and Harrington, Joseph and Rodr{\'{i}}guez, Juan Luis Cano and Nunez-Iglesias, Juan and Kuczynski, Justin and Tritz, Kevin and Thoma, Martin and Newville, Matthew and K{\"{u}}mmerer, Matthias and Bolingbroke, Maximilian and Tartre, Michael and Pak, Mikhail and Smith, Nathaniel J. and Nowaczyk, Nikolai and Shebanov, Nikolay and Pavlyk, Oleksandr and Brodtkorb, Per A. and Lee, Perry and McGibbon, Robert T. and Feldbauer, Roman and Lewis, Sam and Tygier, Sam and Sievert, Scott and Vigna, Sebastiano and Peterson, Stefan and More, Surhud and Pudlik, Tadeusz and Oshima, Takuya and Pingel, Thomas J. and Robitaille, Thomas P. and Spura, Thomas and Jones, Thouis R. and Cera, Tim and Leslie, Tim and Zito, Tiziano and Krauss, Tom and Upadhyay, Utkarsh and Halchenko, Yaroslav O. and V{\'{a}}zquez-Baeza, Yoshiki},
    number = {3},
    month = {3},
    pages = {261--272},
    volume = {17},
    doi = {10.1038/s41592-019-0686-2},
    issn = {1548-7091}
}

@article{Shimakawa2021Subaru0.30.6,
    title = {{Subaru Hyper Suprime-Cam revisits the large-scale environmental dependence on galaxy morphology over 360 deg2 at z = 0.3–0.6}},
    year = {2021},
    journal = {Publications of the Astronomical Society of Japan},
    author = {Shimakawa, Rhythm and Tanaka, Takumi S. and Toshikage, Seiji and Tanaka, Masayuki},
    number = {6},
    month = {12},
    pages = {1575--1588},
    volume = {73},
    publisher = {Oxford Academic},
    url = {https://academic.oup.com/pasj/article/73/6/1575/6406719},
    doi = {10.1093/PASJ/PSAB097},
    issn = {0004-6264},
    arxivId = {2109.11131},
    keywords = {Galaxies: clusters: general, Galaxies: evolution, Galaxies: general, Galaxies: statistics, statistics}
}

@article{vanderWel2008TheMass,
    title = {{The Dependence of Galaxy Morphology and Structure on Environment and Stellar Mass}},
    year = {2008},
    journal = {The Astrophysical Journal},
    author = {van der Wel, Arjen},
    number = {1},
    month = {3},
    pages = {L13-L16},
    volume = {675},
    doi = {10.1086/529432},
    issn = {0004-637X}
}

@article{Schawinski2007TheGalaxies,
    title = {{The Effect of Environment on the Ultraviolet Color‐Magnitude Relation of Early‐Type Galaxies}},
    year = {2007},
    journal = {The Astrophysical Journal Supplement Series},
    author = {Schawinski, K. and Kaviraj, S. and Khochfar, S. and Yoon, S.‐J. and Yi, S. K. and Deharveng, J.‐M. and Boselli, A. and Barlow, T. and Conrow, T. and Forster, K. and Friedman, P. G. and Martin, D. C. and Morrissey, P. and Neff, S. and Schiminovich, D. and Seibert, M. and Small, T. and Wyder, T. and Bianchi, L. and Donas, J. and Heckman, T. and Lee, Y.‐W. and Madore, B. and Milliard, B. and Rich, R. M. and Szalay, A.},
    number = {2},
    month = {12},
    pages = {512--523},
    volume = {173},
    doi = {10.1086/516631},
    issn = {0067-0049}
}

@article{Kauffmann2004TheGalaxies,
    title = {{The environmental dependence of the relations between stellar mass, structure, star formation and nuclear activity in galaxies}},
    year = {2004},
    journal = {Monthly Notices of the Royal Astronomical Society},
    author = {Kauffmann, Guinevere and White, Simon D. M. and Heckman, Timothy M. and M{\'{e}}nard, Brice and Brinchmann, Jarle and Charlot, Stéphane and Tremonti, Christy and Brinkmann, Jon},
    number = {3},
    month = {8},
    pages = {713--731},
    volume = {353},
    doi = {10.1111/j.1365-2966.2004.08117.x},
    issn = {00358711}
}

@article{Schawinski2014TheGalaxies,
    title = {{The green valley is a red herring: Galaxy Zoo reveals two evolutionary pathways towards quenching of star formation in early- and late-type galaxies★}},
    year = {2014},
    journal = {Monthly Notices of the Royal Astronomical Society},
    author = {Schawinski, Kevin and Urry, C. Megan and Simmons, Brooke D. and Fortson, Lucy and Kaviraj, Sugata and Keel, William C. and Lintott, Chris J. and Masters, Karen L. and Nichol, Robert C. and Sarzi, Marc and Skibba, Ramin and Treister, Ezequiel and Willett, Kyle W. and Wong, O. Ivy and Yi, Sukyoung K.},
    number = {1},
    month = {5},
    pages = {889--907},
    volume = {440},
    url = {http://academic.oup.com/mnras/article/440/1/889/1749989/The-green-valley-is-a-red-herring-Galaxy-Zoo},
    doi = {10.1093/mnras/stu327},
    issn = {1365-2966}
}

@article{Bernardi2013TheProfile,
    title = {{The massive end of the luminosity and stellar mass functions: dependence on the fit to the light profile}},
    year = {2013},
    journal = {Monthly Notices of the Royal Astronomical Society},
    author = {Bernardi, M. and Meert, A. and Sheth, R. K. and Vikram, V. and Huertas-Company, M. and Mei, S. and Shankar, F.},
    number = {1},
    month = {11},
    pages = {697--704},
    volume = {436},
    url = {https://academic.oup.com/mnras/article-lookup/doi/10.1093/mnras/stt1607},
    doi = {10.1093/mnras/stt1607},
    issn = {0035-8711}
}

@article{Tremaine2002TheCorrelation,
    title = {{The Slope of the Black Hole Mass versus Velocity Dispersion Correlation}},
    year = {2002},
    journal = {The Astrophysical Journal},
    author = {Tremaine, Scott and Gebhardt, Karl and Bender, Ralf and Bower, Gary and Dressler, Alan and Faber, S. M. and Filippenko, Alexei V. and Green, Richard and Grillmair, Carl and Ho, Luis C. and Kormendy, John and Lauer, Tod R. and Magorrian, John and Pinkney, Jason and Richstone, Douglas},
    number = {2},
    month = {8},
    pages = {740--753},
    volume = {574},
    url = {https://iopscience.iop.org/article/10.1086/341002},
    doi = {10.1086/341002},
    issn = {0004-637X}
}